"index","ticker","year","quarter","QuarterHeading","QuarterRange","QuarterCountperRange","DateString","CurrencyHeader","Revenue","Other Revenue, Total","Total Revenue","Cost of Revenue, Total","Gross Profit","Selling/General/Admin. Expenses, Total","Research & Development","Depreciation/Amortization","Interest Expense(Income) - Net Operating","Unusual Expense (Income)","Other Operating Expenses, Total","Total Operating Expense","Operating Income","Interest Income(Expense), Net Non-Operating","Gain (Loss) on Sale of Assets","Other, Net","Income Before Tax","Income After Tax","Minority Interest","Equity In Affiliates","Net Income Before Extra. Items","Accounting Change","Discontinued Operations","Extraordinary Item","Net Income","Preferred Dividends","Income Available to Common Excl. Extra Items","Income Available to Common Incl. Extra Items","Basic Weighted Average Shares","Basic EPS Excluding Extraordinary Items","Basic EPS Including Extraordinary Items","Dilution Adjustment","Diluted Weighted Average Shares","Diluted EPS Excluding Extraordinary Items","Diluted EPS Including Extraordinary Items","Dividends per Share - Common Stock Primary Issue","Gross Dividends - Common Stock","Net Income after Stock Based Comp. Expense","Basic EPS after Stock Based Comp. Expense","Diluted EPS after Stock Based Comp. Expense","Depreciation, Supplemental","Total Special Items","Normalized Income Before Taxes","Effect of Special Items on Income Taxes","Income Taxes Ex. Impact of Special Items","Normalized Income After Taxes","Normalized Income Avail to Common","Basic Normalized EPS","Diluted Normalized EPS","",""
"0","STI_nyse","2013","2","3 months ending 2013-06-30","days","365.26096","2013-06-30","In Millions of USD (except for per share items)","0.0","0.0","0.0","0.0","0.0","0.0","0.0","0.0","0.0","0.0","0.0","0.0","0.0","0.0","0.0","0.0","3119.6665","2200.8027","-23.09944","0.0","2177.7031","0.0","0.0","0.0","2177.7031","0.0","2136.7236","2136.7236","0.0","0.0","0.0","0.0","2157.9805","3.9691994","0.0","0.24945955","0.0","0.0","0.0","0.0","0.0","0.0","0.0","0.0","0.0","0.0","0.0","0.0","3.9691994",""
"9","SPN_nyse","2013","2","3 months ending 2013-06-30","days","365.26096","2013-06-30","In Millions of USD (except for per share items)","4653.943","0.0","4653.943","2850.8516","1803.0913","636.61597","0.0","575.2775","0.0","3.2107122","0.0","4065.9658","587.9772","0.0","0.0","1.2561202","481.05063","303.07773","0.0","0.0","303.07773","0.0","0.0","0.0","303.07773","0.0","303.07773","303.07773","0.0","0.0","0.0","0.0","638.62317","1.903896","0.0","0.0","0.0","0.0","0.0","0.0","0.0","0.0","0.0","0.0","0.0","0.0","0.0","0.0","1.9141158",""
"18","SUP_nyse","2013","2","13 weeks ending 2013-06-30","days","365.0","2013-06-30","In Millions of USD (except for per share items)","796.4968","0.0","796.4968","739.9457","56.55121","27.243958","0.0","0.0","0.0","0.0","0.0","767.1995","29.307251","0.0","0.0","0.40192306","31.295109","28.110714","0.0","0.0","28.110714","0.0","0.0","0.0","28.110714","0.0","28.110714","28.110714","0.0","0.0","0.0","0.0","107.916595","1.0275276","0.0","0.79120874","0.0","0.0","0.0","0.0","0.0","0.0","0.0","0.0","0.0","0.0","0.0","0.0","1.0275276",""
"27","SVU_nyse","2013","2","16 weeks ending 2013-06-15","days","367.0","2013-06-15","In Millions of USD (except for per share items)","17113.703","0.0","17113.703","14787.396","2326.3071","2418.6643","0.0","0.0","0.0","6.0","0.0","17212.06","-98.35715","0.0","0.0","-128.25","-534.6071","-335.3","0.0","0.0","-335.3","0.0","0.0","0.0","-1359.9785","0.0","-335.3","-1359.9785","0.0","0.0","0.0","0.0","587.47144","-1.5142857","0.0","0.05496429","0.0","0.0","0.0","0.0","0.0","0.0","0.0","0.0","0.0","0.0","0.0","0.0","-0.7742858",""
"36","SUSS_nyse","2013","2","3 months ending 2013-06-30","days","366.3125","2013-06-30","In Millions of USD (except for per share items)","5970.465","0.0","5970.465","5343.4097","627.0353","293.908","0.0","55.91967","0.0","1.80011","167.12527","5862.183","108.2822","0.0","0.0","-0.5026374","44.165276","26.606705","-13.516375","0.0","13.10055","0.0","0.0","0.0","13.10055","0.0","13.10055","13.10055","0.0","0.0","0.0","0.0","85.41901","0.607033","0.0","0.0","0.0","0.0","0.0","0.0","0.0","0.0","0.0","0.0","0.0","0.0","0.0","0.0","0.6672527",""
"45","SUSP_nyse","2013","2","3 months ending 2013-06-30","days","365.26096","2013-06-30","In Millions of USD (except for per share items)","4317.802","0.0","4317.802","4257.915","59.88657","15.612352","0.0","6.9243956","0.0","0.3931922","2.7497425","4283.6045","34.196995","0.0","0.0","0.0","32.140427","29.993822","0.0","0.0","29.993822","0.0","0.0","0.0","29.993822","0.0","29.993822","29.993822","0.0","0.0","0.0","0.0","87.52262","1.3747745","0.0","0.4757413","0.0","0.0","0.0","0.0","0.0","0.0","0.0","0.0","0.0","0.0","0.0","0.0","1.3946651",""
"54","SFY_nyse","2013","2","3 months ending 2013-06-30","days","365.26096","2013-06-30","In Millions of USD (except for per share items)","573.1214","1.9130468","575.0444","121.91194","451.18936","46.61133","0.0","244.0996","0.0","43.993088","6.090635","526.9797","48.064655","0.0","0.0","0.0","48.064655","28.18633","0.0","0.0","28.18633","0.0","0.0","0.0","28.18633","0.0","27.70665","27.70665","0.0","0.0","0.0","0.0","172.86435","0.63815045","0.0","0.0","0.0","0.0","0.0","0.0","0.0","0.0","0.0","0.0","0.0","0.0","0.0","0.0","1.2380581",""
"63","SWFT_nyse","2013","2","3 months ending 2013-06-30","days","365.26096","2013-06-30","In Millions of USD (except for per share items)","3444.702","103.863625","3548.5657","1882.3804","1562.3319","1064.6937","0.0","218.67955","0.0","0.051309135","62.135513","3227.9502","320.62555","0.0","6.0135517","2.5085318","225.07295","140.86772","0.0","0.0","140.86772","0.0","0.0","0.0","140.86772","0.0","140.86772","140.86772","0.0","0.0","0.0","0.0","562.183","1.0092591","0.0","0.0","0.0","0.0","0.0","0.0","0.0","0.0","0.0","0.0","0.0","0.0","0.0","0.0","0.9794764",""
"72","SWS_nyse","2013","2","3 months ending 2013-06-30","days","364.2502","2013-06-30","In Millions of USD (except for per share items)","276.1903","41.008976","317.20926","249.22516","26.965147","47.47102","0.0","0.0","0.0","0.0","27.182262","323.87842","-6.6791244","0.0","0.0","0.0","-6.6791244","-33.43639","0.0","0.0","-33.43639","0.0","0.0","0.0","-33.43639","0.0","-33.43639","-33.43639","0.0","0.0","0.0","0.0","65.62015","-1.0198905","0.0","0.0","0.0","0.0","0.0","0.0","0.0","0.0","0.0","0.0","0.0","0.0","0.0","0.0","-1.0198905",""
"81","SYA_nyse","2013","2","3 months ending 2013-06-30","days","365.26096","2013-06-30","In Millions of USD (except for per share items)","0.0","53.4663","2120.0293","0.0","0.0","0.0","0.0","0.0","0.0","0.0","0.0","1870.2582","249.77094","0.0","0.0","0.0","249.77094","197.20007","0.0","0.0","197.20007","0.0","0.0","0.0","197.20007","0.0","197.20007","197.20007","0.0","0.0","0.0","0.0","547.44147","1.4398295","0.0","0.29978982","0.0","0.0","0.0","0.0","0.0","0.0","0.0","0.0","0.0","0.0","0.0","0.0","1.5514784",""
"90","SMA_nyse","2013","2","13 weeks ending 2013-06-29","days","366.0","2013-06-29","In Millions of USD (except for per share items)","410.51822","0.0","410.51822","301.0378","109.47043","72.380104","6.5083513","0.0","0.0","0.8682418","0.0","380.81473","29.703516","0.0","0.0","-0.45758238","10.474396","7.632198","0.0","0.0","7.632198","0.0","0.0","0.0","7.632198","0.0","7.602198","7.602198","0.0","0.0","0.0","0.04","147.0124","0.20219779","0.0","0.0","0.0","0.0","0.0","0.0","0.0","0.0","0.0","0.0","0.0","0.0","0.0","0.0","0.24241757",""
"99","SYT_nyse","2013","2","6 months ending 2013-06-30","days","365.25","2013-06-30","In Millions of USD (except for per share items)","14300.19","0.0","14300.19","7448.29","6851.9014","3051.5137","1342.3552","0.0","0.0","227.66667","0.0","12069.825","2230.3662","0.0","0.0","0.0","2089.6392","1775.6667","-6.0","0.0","1769.6666","0.0","0.0","0.0","1769.6666","0.0","1769.6666","1769.6666","0.0","0.0","0.0","0.0","184.7776","19.137596","0.0","9.900601","0.0","0.0","0.0","0.0","0.0","0.0","0.0","0.0","0.0","0.0","0.0","0.0","21.365685",""
"108","SNX_nyse","2013","-1","3 months ending 2013-05-31","days","366.2589","2013-05-31","In Millions of USD (except for per share items)","10423.25","0.0","10423.25","9779.699","643.5503","403.2861","0.0","0.0","0.0","0.0","0.0","10182.975","240.26424","0.0","0.0","-3.2573247","223.02289","143.11478","0.22703177","0.0","143.34181","0.0","0.0","0.0","143.34181","0.0","143.34181","143.34181","0.0","0.0","0.0","0.0","151.96864","3.7912047","0.0","0.0","0.0","0.0","0.0","0.0","0.0","0.0","0.0","0.0","0.0","0.0","0.0","0.0","3.7912047",""
"117","SNV_nyse","2013","2","3 months ending 2013-06-30","days","365.26096","2013-06-30","In Millions of USD (except for per share items)","0.0","0.0","0.0","0.0","0.0","0.0","0.0","0.0","0.0","0.0","0.0","0.0","0.0","0.0","0.0","0.0","77.03498","829.7246","0.0","0.0","829.7246","0.0","0.0","0.0","829.7246","0.0","770.70483","770.70483","0.0","0.0","0.0","0.0","3643.5288","0.8498931","0.0","0.040001202","0.0","0.0","0.0","0.0","0.0","0.0","0.0","0.0","0.0","0.0","0.0","0.0","0.8498931",""
"126","SYY_nyse","2013","2","13 weeks ending 2013-06-29","days","366.0","2013-06-29","In Millions of USD (except for per share items)","44654.91","0.0","44654.91","36743.26","7911.6235","0.0","0.0","0.0","0.0","0.0","6242.6216","42985.895","1668.9927","0.0","0.0","17.524506","1557.3488","998.72894","0.0","0.0","998.72894","0.0","0.0","0.0","998.72894","0.0","998.72894","998.72894","0.0","0.0","0.0","0.0","2382.9937","1.6907693","0.0","1.1159341","0.0","0.0","0.0","0.0","0.0","0.0","0.0","0.0","0.0","0.0","0.0","0.0","2.0827472",""
"135","SYX_nyse","2013","2","13 weeks ending 2013-06-30","days","365.0","2013-06-30","In Millions of USD (except for per share items)","3477.343","0.0","3477.343","2996.9148","480.43835","492.42615","0.0","0.0","0.0","52.18945","0.0","3541.5303","-64.18748","0.0","0.0","-0.08","-65.03703","-25.12681","0.0","0.0","-25.12681","0.0","0.0","0.0","-25.165712","0.0","-25.12681","-25.165712","0.0","0.0","0.0","0.0","148.41681","-0.66983515","0.0","0.25","0.0","0.0","0.0","0.0","0.0","0.0","0.0","0.0","0.0","0.0","0.0","0.0","0.23989011",""
"144","TSM_nyse","2013","2","3 months ending 2013-06-30","days","365.26096","2013-06-30","In Millions of TWD (except for per share items)","561273.8","0.0","561273.8","292993.6","268280.25","23468.486","43746.594","0.0","0.0","4229.4","92.175735","364530.25","196743.58","0.0","-28.07","4050.602","205765.86","182213.16","127.89812","0.0","182341.05","0.0","0.0","0.0","182341.05","0.0","182341.05","182341.05","0.0","0.0","0.0","0.0","103716.84","7.033179","0.0","3.0","0.0","0.0","0.0","0.0","0.0","0.0","0.0","0.0","0.0","0.0","0.0","0.0","7.183179",""
"153","XRS_nyse","2013","-1","3 months ending 2013-05-31","days","366.2589","2013-05-31","In Millions of USD (except for per share items)","238.84435","0.0","238.84435","122.254036","116.61053","84.24475","0.0","0.0","0.0","0.58677596","-0.5999453","206.47542","32.369","0.0","0.0","2.8230429","41.42631","36.821053","0.0","0.0","36.821053","0.0","0.0","0.0","36.821053","0.0","36.821053","36.821053","0.0","0.0","0.0","-0.12928961","633.9676","0.231706","0.0","0.0","0.0","0.0","0.0","0.0","0.0","0.0","0.0","0.0","0.0","0.0","0.0","0.0","0.24165136",""
"162","TAL_nyse","2013","2","3 months ending 2013-06-30","days","365.26096","2013-06-30","In Millions of USD (except for per share items)","628.3306","0.21934907","628.54016","90.3298","537.99097","45.71199","0.0","200.31277","0.0","-38.9389","0.0","297.41534","331.1347","0.0","0.0","0.0","220.99963","143.17056","0.0","0.0","143.17056","0.0","0.0","0.0","143.17056","0.0","143.17056","143.17056","0.0","0.0","0.0","0.0","134.60338","4.2559586","0.0","2.5189793","0.0","0.0","0.0","0.0","0.0","0.0","0.0","0.0","0.0","0.0","0.0","0.0","3.5049489",""
"171","TLM_nyse","2013","2","3 months ending 2013-06-30","days","365.26096","2013-06-30","In Millions of USD (except for per share items)","5552.9487","95.67381","5648.622","1948.5153","3604.433","713.82263","554.92474","2213.8555","0.0","378.15186","171.73897","6130.7314","-482.10956","0.0","0.0","0.0","-482.10956","-485.7982","0.0","0.0","-485.7982","0.0","0.0","0.0","-485.7982","0.0","-493.79843","-493.79843","0.0","0.0","0.0","-85.63934","4119.0356","-0.56396496","0.0","0.2800084","0.0","0.0","0.0","0.0","0.0","0.0","0.0","0.0","0.0","0.0","0.0","0.0","-0.30967936",""
"180","TAM_nyse","2013","2","3 months ending 2013-06-30","days","365.26096","2013-06-30","In Millions of USD (except for per share items)","1159.5204","0.0","1159.5204","947.6236","211.89684","60.880863","11.0003605","0.0","0.0","0.0","44.595745","1064.1006","95.41987","0.0","0.0","-3.065814","-7.4297733","5.21954","0.0","-2.011049","3.2084908","0.0","0.0","0.0","3.2084908","0.0","3.2084908","3.2084908","0.0","0.0","0.0","0.0","253.79982","0.103623375","0.0","0.0","0.0","0.0","0.0","0.0","0.0","0.0","0.0","0.0","0.0","0.0","0.0","0.0","0.103623375",""
"189","SKT_nyse","2013","2","3 months ending 2013-06-30","days","365.26096","2013-06-30","In Millions of USD (except for per share items)","251.42416","113.72048","365.15454","114.0343","137.39977","38.195347","0.0","92.76937","0.0","0.54530054","0.0","245.54433","119.610214","0.0","0.0","0.0","69.07802","69.07802","-3.4801009","0.08577968","65.70359","0.0","0.0","0.0","65.70359","0.0","64.853676","64.853676","0.0","0.0","0.0","0.0","375.71085","0.6898007","0.0","0.8598066","0.0","0.0","0.0","0.0","0.0","0.0","0.0","0.0","0.0","0.0","0.0","0.0","0.6898007",""
"198","TAOM_nyse","2013","2","3 months ending 2013-06-30","days","365.26096","2013-06-30","In Millions of USD (except for per share items)","40.953606","0.0","40.953606","11.334304","29.639414","19.596539","12.671935","0.0","0.0","0.8604918","-4.9893026","39.473965","1.4895328","0.0","0.0","1.2035357","5.443042","4.657431","-0.00989071","0.73770314","5.375353","0.0","0.0","0.0","5.375353","0.0","5.375353","5.375353","0.0","0.0","0.0","0.0","2993.735","0.0","0.0","0.0","0.0","0.0","0.0","0.0","0.0","0.0","0.0","0.0","0.0","0.0","0.0","0.0","0.0",""
"207","NGLS_nyse","2013","2","3 months ending 2013-06-30","days","365.26096","2013-06-30","In Millions of USD (except for per share items)","5758.681","0.0","5758.681","4734.1523","1024.5294","481.49866","0.0","232.23634","0.0","17.290163","20.770575","5485.948","272.73358","0.0","0.0","-7.5219893","148.66522","144.46512","-21.745823","0.0","122.71929","0.0","0.0","0.0","122.71929","0.0","37.77577","37.77577","0.0","0.0","0.0","0.0","389.2091","0.3899003","0.0","2.7490957","0.0","0.0","0.0","0.0","0.0","0.0","0.0","0.0","0.0","0.0","0.0","0.0","0.60935384",""
"216","TRGP_nyse","2013","2","3 months ending 2013-06-30","days","365.26096","2013-06-30","In Millions of USD (except for per share items)","5759.7944","0.0","5759.7944","4734.1523","1025.6426","143.76933","0.0","231.25066","0.0","20.119125","370.5991","5499.89","259.90436","0.0","0.0","-1.8084124","138.24399","102.60337","-54.52145","0.0","48.081917","0.0","0.0","0.0","48.081917","0.0","48.081917","48.081917","0.0","0.0","0.0","0.0","167.6512","1.1571838","0.0","1.8980832","0.0","0.0","0.0","0.0","0.0","0.0","0.0","0.0","0.0","0.0","0.0","0.0","1.495763",""
"225","TGT_nyse","2013","-1","13 weeks ending 2013-08-03","days","366.0","2013-08-03","In Millions of USD (except for per share items)","72547.836","0.0","72547.836","50401.34","22146.494","15016.483","0.0","2130.2197","0.0","445.0","32.747253","68207.24","4340.5933","0.0","0.0","0.0","4121.5933","2673.0","0.0","0.0","2673.0","0.0","0.0","0.0","2673.0","0.0","2673.0","2673.0","0.0","0.0","0.0","0.0","2567.3655","4.1072526","0.0","1.4202198","0.0","0.0","0.0","0.0","0.0","0.0","0.0","0.0","0.0","0.0","0.0","0.0","4.5472527",""
"234","TARO_nyse","2013","2","3 months ending 2013-06-30","days","365.26096","2013-06-30","In Millions of USD (except for per share items)","665.0389","0.0","665.0389","177.42444","487.64456","95.25412","47.163662","0.0","0.0","21.759563","0.0","341.59158","323.45724","0.0","0.0","3.375383","332.53415","264.22516","-0.5523107","0.0","263.6628","0.0","0.0","0.0","262.35626","0.0","263.6628","262.35626","0.0","0.0","0.0","0.0","178.98416","5.8954215","0.0","0.0","0.0","0.0","0.0","0.0","0.0","0.0","0.0","0.0","0.0","0.0","0.0","0.0","6.2712684",""
"243","TCL_nyse","2005","1","3 months ending 2005-03-31","days","364.24658","2005-03-31","In Millions of INR (except for per share items)","32917.914","1083.4506","34001.363","20077.363","12840.55","1551.044","0.0","2431.8462","0.0","-0.03296709","3735.7363","27795.957","6205.4067","0.0","0.0","3596.044","10481.451","7520.132","0.0","0.0","7520.132","0.0","0.0","0.0","7520.132","0.0","7520.132","7520.132","0.0","0.0","0.0","0.0","1136.8682","26.386044","0.0","0.0","0.0","0.0","0.0","0.0","0.0","0.0","0.0","0.0","0.0","0.0","0.0","0.0","26.395935",""
"252","TTM_nyse","2013","2","3 months ending 2013-06-30","days","365.26096","2013-06-30","In Millions of INR (except for per share items)","1910528.1","18122.633","1928650.8","1213663.4","696864.9","172468.22","20759.945","83349.0","0.0","874.96924","264444.84","1795027.4","133623.38","0.0","0.0","0.0","133623.38","92966.82","-759.65015","1366.6754","93573.84","0.0","0.0","0.0","93573.84","0.0","93573.84","93573.84","0.0","0.0","0.0","0.0","12266.379","30.31761","0.0","1.978142","0.0","0.0","0.0","0.0","0.0","0.0","0.0","0.0","0.0","0.0","0.0","0.0","30.53718",""
"261","TCO_nyse","2013","2","3 months ending 2013-06-30","days","365.26096","2013-06-30","In Millions of USD (except for per share items)","728.6435","32.25207","760.9154","297.11185","431.53165","46.018528","0.0","152.09749","0.0","0.0","0.0","630.75287","130.15244","0.0","0.0","2.3562913","132.50873","126.97656","-54.1764","47.289883","120.090065","0.0","0.0","0.0","120.090065","0.0","95.168785","95.168785","0.0","0.0","0.0","0.6111133","254.72899","1.4999329","0.0","1.919181","0.0","0.0","0.0","0.0","0.0","0.0","0.0","0.0","0.0","0.0","0.0","0.0","1.4900421",""
"270","TMHC_nyse","2013","2","3 months ending 2013-06-30","days","365.25","2013-06-30","In Millions of USD (except for per share items)","1526.3496","0.0","1526.3496","1178.5618","347.79776","343.86224","0.0","0.0","0.0","2.0933883","2.9542623","1505.6022","20.74748","0.0","0.0","0.0","20.74748","338.09152","59.09738","0.0","397.19882","0.0","0.0","0.0","397.19882","0.0","397.19882","397.19882","0.0","0.0","0.0","14.331639","1275.0139","0.54240435","0.0","0.0","0.0","0.0","0.0","0.0","0.0","0.0","0.0","0.0","0.0","0.0","0.0","0.0","0.59163934",""
"279","TCP_nyse","2013","2","3 months ending 2013-06-30","days","365.26096","2013-06-30","In Millions of USD (except for per share items)","174.1697","0.0","174.1697","0.0","0.0","7.956404","0.0","10.978382","0.0","0.0","16.01141","47.078064","127.09164","0.0","0.0","0.0","117.20093","117.20093","0.0","0.0","117.20093","0.0","0.0","0.0","117.20093","0.0","115.18988","115.18988","0.0","0.0","0.0","0.0","217.86382","2.1240113","0.0","3.1497657","0.0","0.0","0.0","0.0","0.0","0.0","0.0","0.0","0.0","0.0","0.0","0.0","2.1240113",""
"288","TCB_nyse","2013","2","3 months ending 2013-06-30","days","365.26096","2013-06-30","In Millions of USD (except for per share items)","0.0","0.0","0.0","0.0","0.0","0.0","0.0","0.0","0.0","0.0","0.0","0.0","0.0","0.0","0.0","0.0","167.46617","113.892075","-7.0379443","0.0","106.85425","0.0","0.0","0.0","106.85425","0.0","91.88467","91.88467","0.0","0.0","0.0","0.0","643.3981","0.577275","0.0","0.20000601","0.0","0.0","0.0","0.0","0.0","0.0","0.0","0.0","0.0","0.0","0.0","0.0","0.577275",""
"297","AMTD_nyse","2013","2","13 weeks ending 2013-06-30","days","366.0","2013-06-30","In Millions of USD (except for per share items)","2652.8901","69.35165","2722.2417","383.97803","2268.912","1078.8022","0.0","173.92308","0.0","0.0","72.43956","1709.1428","1013.0989","0.0","0.0","0.0","994.94507","620.1429","0.0","0.0","620.1429","0.0","0.0","0.0","620.1429","0.0","620.1429","620.1429","0.0","0.0","0.0","0.0","1669.1099","1.1257143","0.0","0.8313187","0.0","0.0","0.0","0.0","0.0","0.0","0.0","0.0","0.0","0.0","0.0","0.0","1.1257143",""
"306","TEL_nyse","2013","2","13 weeks ending 2013-06-28","days","366.0","2013-06-28","In Millions of USD (except for per share items)","13040.367","0.0","13040.367","8857.653","4182.7144","1751.9387","665.5816","0.0","0.0","294.65308","0.0","11568.826","1471.5408","0.0","0.0","-180.96939","1157.6123","1266.6938","0.0","0.0","1266.6938","0.0","0.0","0.0","1264.7959","0.0","1266.6938","1264.7959","0.0","0.0","0.0","0.0","1678.1123","2.982551","0.0","0.86928564","0.0","0.0","0.0","0.0","0.0","0.0","0.0","0.0","0.0","0.0","0.0","0.0","3.6959183",""
"315","TMH_nyse","2013","2","3 months ending 2013-06-30","days","365.26096","2013-06-30","In Millions of USD (except for per share items)","2238.9607","0.0","2238.9607","1824.6085","414.3722","195.02144","0.0","50.78292","0.0","38.575714","-5.096571","2120.221","118.73977","0.0","0.0","0.0","118.73977","71.92934","-0.1290164","0.0","71.78054","0.0","0.0","0.0","71.78054","0.0","71.78054","71.78054","0.0","0.0","0.0","0.0","276.08072","1.040801","0.0","0.0","0.0","0.0","0.0","0.0","0.0","0.0","0.0","0.0","0.0","0.0","0.0","0.0","1.4102631",""
"324","TISI_nyse","2013","-1","3 months ending 2013-05-31","days","366.2589","2013-05-31","In Millions of USD (except for per share items)","715.93475","0.0","715.93475","502.42798","213.49709","158.73013","0.0","0.0","0.0","0.0","0.0","660.17084","55.77389","0.0","0.0","0.0","52.10124","32.837967","-0.27143157","0.0","32.536427","0.0","0.0","0.0","32.536427","0.0","32.536427","32.536427","0.0","0.0","0.0","0.0","83.73114","1.5351253","0.0","0.0","0.0","0.0","0.0","0.0","0.0","0.0","0.0","0.0","0.0","0.0","0.0","0.0","1.5351253",""
"333","TCK_nyse","2013","2","3 months ending 2013-06-30","days","365.26096","2013-06-30","In Millions of CAD (except for per share items)","9723.071","0.0","9723.071","7025.8403","2697.2307","163.13559","99.409294","0.0","0.0","535.74725","40.231434","7918.117","1804.9543","0.0","0.0","-165.02655","1444.0399","836.8317","-50.924816","0.0","785.90686","0.0","0.0","0.0","785.90686","0.0","785.90686","785.90686","0.0","0.0","0.0","0.0","2331.093","1.35807","0.0","0.89508194","0.0","0.0","0.0","0.0","0.0","0.0","0.0","0.0","0.0","0.0","0.0","0.0","1.922026",""
"342","TE_nyse","2013","2","3 months ending 2013-06-30","days","365.26096","2013-06-30","In Millions of USD (except for per share items)","2947.6028","0.0","2947.6028","248.98775","0.0","0.0","0.0","333.01987","0.0","1.2","216.81302","2431.022","516.58044","0.0","0.0","9.524367","357.84274","229.56822","0.0","0.0","229.56822","0.0","0.0","0.0","181.95174","0.0","228.8671","181.25061","0.0","0.0","0.0","0.0","861.52264","1.0645312","0.0","0.8800264","0.0","0.0","0.0","0.0","0.0","0.0","0.0","0.0","0.0","0.0","0.0","0.0","1.0645312",""
"351","TK_nyse","2013","2","3 months ending 2013-06-30","days","365.26096","2013-06-30","In Millions of USD (except for per share items)","1861.0612","0.0","1861.0612","996.12256","864.9385","173.59097","0.0","438.63846","0.0","456.9089","0.0","2065.4346","-204.37358","0.0","0.0","1.7193519","-197.9203","-193.35124","84.108826","0.0","-109.24243","0.0","0.0","0.0","-109.24243","0.0","-109.24243","-109.24243","0.0","0.0","0.0","0.0","280.14145","-1.5771387","0.0","1.2800385","0.0","0.0","0.0","0.0","0.0","0.0","0.0","0.0","0.0","0.0","0.0","0.0","2.7832036",""
"360","TGP_nyse","2013","2","3 months ending 2013-06-30","days","365.26096","2013-06-30","In Millions of USD (except for per share items)","390.46243","0.0","390.46243","2.8013055","387.65118","119.551315","0.0","99.8212","0.0","29.37","0.0","251.54382","138.9288","0.0","0.0","1.8585143","205.23627","202.83923","-18.078943","0.0","184.7702","0.0","0.0","0.0","184.7702","0.0","161.55232","161.55232","0.0","0.0","0.0","0.0","274.59674","2.3516352","0.0","2.7200818","0.0","0.0","0.0","0.0","0.0","0.0","0.0","0.0","0.0","0.0","0.0","0.0","2.7716353",""
"369","TOO_nyse","2013","2","3 months ending 2013-06-30","days","365.26096","2013-06-30","In Millions of USD (except for per share items)","877.34674","0.0","877.34674","456.6514","420.705","56.74181","0.0","189.39487","0.0","35.75651","0.0","738.62366","138.7129","0.0","0.0","0.7824518","142.83124","152.61124","-2.5973365","0.0","150.00401","0.0","0.0","0.0","157.26927","0.0","138.46594","145.73119","0.0","0.0","0.0","-0.36595628","316.43738","1.7137885","0.0","2.0896242","0.0","0.0","0.0","0.0","0.0","0.0","0.0","0.0","0.0","0.0","0.0","0.0","2.0654435",""
"378","TNK_nyse","2013","2","3 months ending 2013-06-30","days","365.26096","2013-06-30","In Millions of USD (except for per share items)","180.05618","0.0","180.05618","109.1075","70.94869","14.037559","0.0","60.24351","0.0","352.61923","0.0","540.4883","-360.41202","0.0","0.0","-1.6324494","-374.0285","-374.0285","0.0","0.0","-374.0285","0.0","0.0","0.0","-374.0285","0.0","-374.0285","-374.0285","0.0","0.0","0.0","0.0","334.46002","-4.471654","0.0","0.18978381","0.0","0.0","0.0","0.0","0.0","0.0","0.0","0.0","0.0","0.0","0.0","0.0","-0.26165375",""
"387","TRC_nyse","2013","2","3 months ending 2013-06-30","days","365.26096","2013-06-30","In Millions of USD (except for per share items)","47.05576","0.0","47.05576","30.793657","16.262102","10.917852","0.0","0.0","0.0","0.0","0.0","41.71151","5.3541417","0.0","0.0","0.08011048","10.2825165","6.62807","0.18077344","0.0","6.7989526","0.0","0.0","0.0","6.7989526","0.0","6.7989526","6.7989526","0.0","0.0","0.0","0.0","80.63143","0.33297485","0.0","0.0","0.0","0.0","0.0","0.0","0.0","0.0","0.0","0.0","0.0","0.0","0.0","0.0","0.33297485",""
"396","TEO_nyse","2013","2","3 months ending 2013-06-30","days","365.26096","2013-06-30","In Millions of ARS (except for per share items)","24435.127","82.01177","24517.139","4573.9805","19861.146","11473.344","0.0","2752.4138","0.0","245.87804","1329.7943","20375.41","4141.728","0.0","0.0","-17.154085","4471.4224","2910.704","-49.056206","0.0","2861.648","0.0","0.0","0.0","2861.648","0.0","2861.648","2861.648","0.0","0.0","0.0","0.0","3937.6382","2.9077804","0.0","0.0","0.0","0.0","0.0","0.0","0.0","0.0","0.0","0.0","0.0","0.0","0.0","0.0","3.0769088",""
"405","TI_nyse","2013","2","3 months ending 2013-06-30","days","365.26096","2013-06-30","In Millions of EUR (except for per share items)","28479.354","300.1385","28779.49","12540.692","15938.662","3842.5664","0.0","5259.2104","0.0","6664.1265","1365.5013","29672.098","-892.60516","0.0","0.0","0.0","-2888.9148","-3935.3376","-318.2857","0.0","-4253.6235","0.0","0.0","0.0","-4248.6562","0.0","-4253.6235","-4248.6562","0.0","0.0","0.0","0.0","77234.836","-0.20835586","0.0","0.02","0.0","0.0","0.0","0.0","0.0","0.0","0.0","0.0","0.0","0.0","0.0","0.0","8.791209E-4",""
"414","TDY_nyse","2013","2","13 weeks ending 2013-06-30","days","366.0","2013-06-30","In Millions of USD (except for per share items)","2297.231","0.0","2297.231","1464.6703","832.56036","579.53516","0.0","0.0","0.0","0.0","0.0","2044.2053","253.02527","0.0","0.0","1.2263737","234.15274","171.64725","-0.8087912","0.0","170.83847","0.0","0.0","0.0","173.13846","0.0","170.83847","173.13846","0.0","0.0","0.0","0.0","151.62198","4.5350547","0.0","0.0","0.0","0.0","0.0","0.0","0.0","0.0","0.0","0.0","0.0","0.0","0.0","0.0","4.5350547",""
"423","TFX_nyse","2013","2","3 months ending 2013-06-30","days","365.26096","2013-06-30","In Millions of USD (except for per share items)","1618.0468","0.0","1618.0468","828.8094","789.24756","480.15594","62.529808","0.0","0.0","25.253195","0.0","1396.748","221.28877","0.0","0.0","0.0","160.37917","125.92033","-0.8299135","0.0","125.0904","0.0","0.0","0.0","120.258446","0.0","125.0904","120.258446","0.0","0.0","0.0","0.0","169.81717","2.9349332","0.0","1.3600409","0.0","0.0","0.0","0.0","0.0","0.0","0.0","0.0","0.0","0.0","0.0","0.0","3.4207833",""
"432","VIV_nyse","2013","2","3 months ending 2013-06-30","days","365.26096","2013-06-30","In Millions of BRL (except for per share items)","34417.402","0.0","34417.402","12505.27","21912.13","10188.831","0.0","5666.746","0.0","0.0","-370.20538","27990.639","6426.7607","0.0","0.0","197.94775","6174.4736","4136.2207","0.0","0.0","4136.2207","0.0","0.0","0.0","4136.2207","0.0","4136.2207","4136.2207","0.0","0.0","0.0","0.0","4493.215","3.67152","0.0","2.7815847","0.0","0.0","0.0","0.0","0.0","0.0","0.0","0.0","0.0","0.0","0.0","0.0","3.67152",""
"441","TEF_nyse","2013","2","3 months ending 2013-06-30","days","365.26096","2013-06-30","In Millions of EUR (except for per share items)","59967.344","0.0","59967.344","18443.854","41523.49","8466.818","0.0","10410.241","0.0","-149.41554","12969.499","50140.992","9826.347","0.0","0.0","-3476.018","5601.287","4348.747","-431.88742","0.0","3916.8596","0.0","0.0","0.0","3916.8596","0.0","3916.8596","3916.8596","0.0","0.0","0.0","0.0","18064.55","0.86189514","0.0","0.0","0.0","0.0","0.0","0.0","0.0","0.0","0.0","0.0","0.0","0.0","0.0","0.0","0.8932127",""
"450","TDS_nyse","2013","2","3 months ending 2013-06-30","days","365.26096","2013-06-30","In Millions of USD (except for per share items)","5255.448","0.0","5255.448","2312.7517","2942.6868","1982.1799","0.0","912.84863","0.0","-238.90892","0.0","4968.861","286.58737","0.0","0.0","0.39866024","329.57486","183.39653","-39.70783","0.0","143.68869","0.0","0.0","0.0","143.68869","0.0","143.63881","143.63881","0.0","0.0","0.0","-1.5274472","435.35297","1.3003056","0.0","0.49979582","0.0","0.0","0.0","0.0","0.0","0.0","0.0","0.0","0.0","0.0","0.0","0.0","0.07768994",""
"459","TU_nyse","2013","2","3 months ending 2013-06-30","days","365.26096","2013-06-30","In Millions of CAD (except for per share items)","11141.861","65.10064","11206.961","4928.8896","6212.971","2221.2988","0.0","1836.3286","0.0","59.60692","0.0","9046.124","2160.8374","0.0","0.0","-53.48658","1761.4391","1290.6322","0.0","0.0","1290.6322","0.0","0.0","0.0","1290.6322","0.0","1290.6322","1290.6322","0.0","0.0","0.0","0.0","2624.0786","1.9710485","0.0","1.2793803","0.0","0.0","0.0","0.0","0.0","0.0","0.0","0.0","0.0","0.0","0.0","0.0","2.0303915",""
"468","EMF_nyse","2013","-1","6 months ending 2013-02-28","days","365.25","2013-02-28","In Millions of USD (except for per share items)","9.950601","0.0","9.950601","0.0","9.950601","5.0193443","0.0","0.0","0.0","0.0","0.030054644","5.0393443","4.901202","0.0","0.0","0.0","10.510378","10.510378","0.0","0.0","10.510378","0.0","0.0","0.0","10.510378","0.0","10.510378","10.510378","0.0","0.0","0.0","0.0","36.14022","0.58404356","0.0","0.0","0.0","0.0","0.0","0.0","0.0","0.0","0.0","0.0","0.0","0.0","0.0","0.0","0.58404356",""
"477","TEI_nyse","2011","-1","6 months ending 2011-08-31","days","365.25","2011-08-31","In Millions of USD (except for per share items)","0.0","64.86","64.86","0.0","0.0","9.35","0.0","0.0","0.0","0.0","0.01","9.360001","55.489998","0.0","19.84","0.0","75.33","75.33","0.0","0.0","75.33","0.0","0.0","0.0","75.33","0.0","75.33","75.33","0.0","0.0","0.0","0.0","95.12","1.5899999","0.0","1.24","0.0","0.0","0.0","0.0","0.0","0.0","0.0","0.0","0.0","0.0","0.0","0.0","1.1700001",""
"486","GIM_nyse","2013","-1","6 months ending 2013-02-28","days","365.25","2013-02-28","In Millions of USD (except for per share items)","60.905796","0.0","60.905796","6.049836","54.855953","2.9997814","0.0","0.0","0.0","0.0","0.04","9.089618","51.816174","0.0","0.0","0.0","124.68525","124.68525","0.0","0.0","124.68525","0.0","0.0","0.0","124.68525","0.0","124.68525","124.68525","0.0","0.0","0.0","0.0","267.54742","0.9351912","0.0","1.0671039","0.0","0.0","0.0","0.0","0.0","0.0","0.0","0.0","0.0","0.0","0.0","0.0","0.9351912",""
"495","TPX_nyse","2013","2","3 months ending 2013-06-30","days","365.26096","2013-06-30","In Millions of USD (except for per share items)","1735.9038","0.0","1735.9038","946.9212","789.0029","586.6715","0.0","0.0","0.0","0.0","0.0","1532.4948","203.41948","0.0","0.0","-3.4077685","126.44152","31.504131","0.4945355","0.19781421","32.196476","0.0","0.0","0.0","32.196476","0.0","32.196476","32.196476","0.0","0.0","0.0","-0.25715846","243.16005","0.51748276","0.0","0.0","0.0","0.0","0.0","0.0","0.0","0.0","0.0","0.0","0.0","0.0","0.0","0.0","0.51748276",""
"504","TS_nyse","2013","2","3 months ending 2013-06-30","days","365.26096","2013-06-30","In Millions of USD (except for per share items)","10920.966","0.0","10920.966","6691.1006","4229.864","1725.8888","0.0","231.1003","0.0","0.0","-28.871206","8619.208","2301.7664","0.0","0.0","-25.26578","2172.5105","1640.4106","-3.307505","0.0","1637.1129","0.0","0.0","0.0","1637.1129","0.0","1637.1129","1637.1129","0.0","0.0","0.0","0.0","4722.302","1.3803723","0.0","0.3","0.0","0.0","0.0","0.0","0.0","0.0","0.0","0.0","0.0","0.0","0.0","0.0","1.3803723",""
"513","THC_nyse","2013","2","3 months ending 2013-06-30","days","365.26096","2013-06-30","In Millions of USD (except for per share items)","9357.256","0.0","9357.256","0.0","0.0","4548.7275","0.0","460.84927","0.0","390.0335","3594.2832","8993.893","363.36264","0.0","0.0","0.0","-48.69333","-29.886747","-7.6710505","0.0","-37.557804","0.0","0.0","0.0","-45.590706","0.0","-38.57978","-46.612686","0.0","0.0","0.0","-2.0","425.54495","-0.4370034","0.0","0.0","0.0","0.0","0.0","0.0","0.0","0.0","0.0","0.0","0.0","0.0","0.0","0.0","2.008083",""
"522","TNC_nyse","2013","2","3 months ending 2013-06-30","days","365.26096","2013-06-30","In Millions of USD (except for per share items)","734.0026","0.0","734.0026","412.7492","321.23312","228.99988","30.39389","0.0","0.0","0.58755666","0.0","672.7407","61.261818","0.0","0.0","-0.116927885","58.752495","41.87105","0.0","0.0","41.87105","0.0","0.0","0.0","41.87105","0.0","41.87105","41.87105","0.0","0.0","0.0","0.0","75.666664","2.218853","0.0","0.70980185","0.0","0.0","0.0","0.0","0.0","0.0","0.0","0.0","0.0","0.0","0.0","0.0","2.3077576",""
"531","TEN_nyse","2013","2","3 months ending 2013-06-30","days","365.26096","2013-06-30","In Millions of USD (except for per share items)","7496.6895","0.0","7496.6895","6288.2437","1208.4448","424.60693","127.872215","198.98402","0.0","23.088272","0.0","7062.7954","433.89337","0.0","-4.00012","-1.011049","346.8578","309.4257","-32.957123","0.0","276.46857","0.0","0.0","0.0","276.46857","0.0","276.46857","276.46857","0.0","0.0","0.0","0.0","245.2431","4.51429","0.0","0.0","0.0","0.0","0.0","0.0","0.0","0.0","0.0","0.0","0.0","0.0","0.0","0.0","4.875945",""
"540","TDC_nyse","2013","2","3 months ending 2013-06-30","days","365.26096","2013-06-30","In Millions of USD (except for per share items)","2644.482","0.0","2644.482","1189.0236","1455.4587","747.846","190.9069","0.0","0.0","0.0","0.0","2127.7764","516.70575","0.0","0.0","-1.989071","514.7167","383.46057","0.0","0.0","383.46057","0.0","0.0","0.0","383.46057","0.0","383.46057","383.46057","0.0","0.0","0.0","0.098907106","677.82996","2.262258","0.0","0.0","0.0","0.0","0.0","0.0","0.0","0.0","0.0","0.0","0.0","0.0","0.0","0.0","2.3024776",""
"549","TER_nyse","2013","2","3 months ending 2013-06-30","days","365.26096","2013-06-30","In Millions of USD (except for per share items)","1423.483","0.0","1423.483","641.82733","781.6656","277.51813","255.18925","72.76051","0.0","0.958497","0.0","1248.264","175.22894","0.0","0.0","0.0","153.07176","146.39867","0.0","0.0","146.39867","0.0","0.0","0.0","146.39867","0.0","146.39867","146.39867","0.0","0.0","0.0","0.0","882.5946","0.6151834","0.0","0.0","0.0","0.0","0.0","0.0","0.0","0.0","0.0","0.0","0.0","0.0","0.0","0.0","0.6151834",""
"558","TEX_nyse","2013","2","3 months ending 2013-06-30","days","365.26096","2013-06-30","In Millions of USD (except for per share items)","7149.157","0.0","7149.157","5769.8984","1379.2587","1054.7825","0.0","0.0","0.0","96.597015","0.0","6921.278","227.87924","0.0","0.0","-9.802618","82.81593","38.396843","3.5056927","0.0","41.90253","0.0","0.0","0.0","42.269745","0.0","41.90253","42.269745","0.0","0.0","0.0","0.0","455.6557","0.35199967","0.0","0.0","0.0","0.0","0.0","0.0","0.0","0.0","0.0","0.0","0.0","0.0","0.0","0.0","1.0586003",""
"567","TX_nyse","2013","2","3 months ending 2013-06-30","days","365.26096","2013-06-30","In Millions of USD (except for per share items)","8540.708","0.0","8540.708","6796.299","1744.4294","782.5748","0.0","24.76634","0.0","0.0","14.566507","7618.1865","922.52167","0.0","0.0","0.0","411.09393","157.48695","-56.476967","0.0","100.9902","0.0","0.0","0.0","100.9902","0.0","100.9902","100.9902","0.0","0.0","0.0","0.0","7852.5557","0.050007217","0.0","0.13923497","0.0","0.0","0.0","0.0","0.0","0.0","0.0","0.0","0.0","0.0","0.0","0.0","0.050007217",""
"576","TNH_nyse","2013","2","3 months ending 2013-06-30","days","365.26096","2013-06-30","In Millions of USD (except for per share items)","826.277","0.0","826.277","211.44641","614.8305","17.488483","0.0","0.0","0.0","0.0","0.0","228.93488","597.3421","0.0","0.0","0.0","597.3421","597.3421","0.0","0.0","597.3421","0.0","0.0","0.0","597.3421","0.0","335.09848","335.09848","0.0","0.0","0.0","0.0","74.00222","18.10365","0.0","16.815468","0.0","0.0","0.0","0.0","0.0","0.0","0.0","0.0","0.0","0.0","0.0","0.0","18.10365",""
"585","TRNO_nyse","2013","2","3 months ending 2013-06-30","days","365.26096","2013-06-30","In Millions of USD (except for per share items)","30.050537","8.480935","38.52158","10.909692","19.110735","7.477516","0.0","11.023959","0.0","2.2750094","0.0","31.686174","6.845295","0.0","0.0","0.04055005","0.46401304","0.46401304","0.0","0.0","0.46401304","0.0","0.0","0.0","5.673833","0.0","-2.9421377","2.277682","0.0","0.0","0.0","0.0","61.370552","-0.21033268","0.0","0.48990512","0.0","0.0","0.0","0.0","0.0","0.0","0.0","0.0","0.0","0.0","0.0","0.0","-0.05966973",""
"594","TSO_nyse","2013","2","3 months ending 2013-06-30","days","365.26096","2013-06-30","In Millions of USD (except for per share items)","33308.348","0.0","33308.348","29430.066","3878.2822","376.9226","0.0","449.18878","0.0","273.92398","1629.2134","32159.316","1149.0334","0.0","0.0","45.35495","1038.6154","671.285","-36.91341","0.0","634.3716","0.0","0.0","0.0","622.50275","0.0","634.3716","622.50275","0.0","0.0","0.0","0.0","557.84845","4.525968","0.0","0.6682658","0.0","0.0","0.0","0.0","0.0","0.0","0.0","0.0","0.0","0.0","0.0","0.0","5.985643",""
"603","TLLP_nyse","2013","2","3 months ending 2013-06-30","days","365.26096","2013-06-30","In Millions of USD (except for per share items)","202.93735","0.0","202.93735","84.31285","118.614624","21.014935","0.0","17.74645","0.0","-9.184687","0.0","113.88921","89.038246","0.0","0.0","0.0","70.05612","70.05612","0.0","0.0","70.05612","0.0","0.0","0.0","70.05612","0.0","64.35866","64.35866","0.0","0.0","0.0","0.0","141.51945","1.8601669","0.0","0.9547547","0.0","0.0","0.0","0.0","0.0","0.0","0.0","0.0","0.0","0.0","0.0","0.0","1.579719",""
"612","TTI_nyse","2013","2","3 months ending 2013-06-30","days","365.26096","2013-06-30","In Millions of USD (except for per share items)","895.2369","0.0","895.2369","733.0842","162.15234","138.70956","0.0","0.0","0.0","6.7128572","-2.6173625","884.82294","10.413976","0.0","0.0","4.984918","7.120369","5.213492","-2.946227","0.0","2.2572644","0.0","0.0","0.0","2.2572644","0.0","2.2572644","2.2572644","0.0","0.0","0.0","0.0","312.75687","0.03241638","0.0","0.0","0.0","0.0","0.0","0.0","0.0","0.0","0.0","0.0","0.0","0.0","0.0","0.0","0.082416385",""
"621","TEVA_nyse","2013","2","3 months ending 2013-06-30","days","365.26096","2013-06-30","In Millions of USD (except for per share items)","20047.898","0.0","20047.898","9478.378","10569.5205","5138.0234","1433.8203","43.034107","0.0","3401.1086","0.0","19494.363","553.53375","0.0","0.0","0.0","71.81462","407.2204","53.022457","-44.924458","415.31836","0.0","0.0","0.0","415.31836","0.0","415.31836","415.31836","0.0","0.0","0.0","0.0","3442.465","0.48572695","0.0","1.198829","0.0","0.0","0.0","0.0","0.0","0.0","0.0","0.0","0.0","0.0","0.0","0.0","5.5835705",""
"630","TXI_nyse","2013","-1","3 months ending 2013-05-31","days","365.25","2013-05-31","In Millions of USD (except for per share items)","697.0209","0.0","697.0209","629.8039","67.19694","67.66863","0.0","0.0","0.0","0.0","-8.920655","721.3492","-24.328304","0.0","0.0","0.0","-24.328304","-10.634863","0.0","0.0","-10.634863","0.0","0.0","0.0","24.265245","0.0","-10.6247","24.265352","0.0","0.0","0.0","0.0","84.59432","-0.37475413","0.0","0.0","0.0","0.0","0.0","0.0","0.0","0.0","0.0","0.0","0.0","0.0","0.0","0.0","-0.37475413",""
"639","TPL_nyse","2013","2","3 months ending 2013-06-30","days","365.26096","2013-06-30","In Millions of USD (except for per share items)","30.331646","0.63078666","30.95254","0.0","0.0","3.5052717","0.0","0.0","0.0","0.0","0.0","3.5052717","27.447266","0.0","0.0","0.0","27.457268","18.672483","0.0","0.0","18.672483","0.0","0.0","0.0","18.672483","0.0","18.672483","18.672483","0.0","0.0","0.0","0.0","35.245773","2.1176534","0.0","0.25","0.0","0.0","0.0","0.0","0.0","0.0","0.0","0.0","0.0","0.0","0.0","0.0","2.1176534",""
"648","TGH_nyse","2013","2","3 months ending 2013-06-30","days","365.26096","2013-06-30","In Millions of USD (except for per share items)","508.28928","0.0","508.28928","52.121952","456.16733","35.46134","0.0","131.43951","0.0","0.0","0.0","219.02258","289.26645","0.0","0.0","0.010327868","216.86337","211.1467","-2.7051551","0.0","208.42177","0.0","0.0","0.0","208.42177","0.0","208.42177","208.42177","0.0","0.0","0.0","0.0","221.50124","3.7730699","0.0","1.779176","0.0","0.0","0.0","0.0","0.0","0.0","0.0","0.0","0.0","0.0","0.0","0.0","3.7730699",""
"657","TXT_nyse","2013","2","3 months ending 2013-06-29","days","366.2589","2013-06-29","In Millions of USD (except for per share items)","12090.818","0.0","12090.818","10020.603","2070.2163","1154.6602","0.0","0.0","0.0","0.0","0.0","11372.898","717.92126","0.0","0.0","0.0","717.92126","518.8695","0.0","0.0","518.8695","0.0","0.0","0.0","533.0509","0.0","518.8695","533.0509","0.0","0.0","0.0","0.0","1164.6758","1.7861779","0.0","0.08022098","0.0","0.0","0.0","0.0","0.0","0.0","0.0","0.0","0.0","0.0","0.0","0.0","1.7861779",""
"666","ACTV_nyse","2013","2","3 months ending 2013-06-30","days","365.26096","2013-06-30","In Millions of USD (except for per share items)","441.05533","0.0","441.05533","199.46492","241.59041","176.40689","80.73778","19.458418","0.0","0.19781421","0.0","476.26596","-35.21063","0.0","0.0","-0.71808326","-36.62016","-39.97701","0.0","0.0","-39.97701","0.0","0.0","0.0","-39.97701","0.0","-39.97701","-39.97701","0.0","0.0","0.0","0.0","242.249","-0.6587005","0.0","0.0","0.0","0.0","0.0","0.0","0.0","0.0","0.0","0.0","0.0","0.0","0.0","0.0","-0.69935983",""
"675","AES_nyse","2013","2","3 months ending 2013-06-30","days","365.26096","2013-06-30","In Millions of USD (except for per share items)","17551.742","0.0","17551.742","13930.96","3620.7817","260.09512","0.0","0.0","0.0","2146.3652","-44.044075","17538.975","12.7677","0.0","0.0","0.0","12.7677","-517.3189","-595.57733","16.461899","-1096.4343","0.0","0.0","0.0","-1181.1829","0.0","-1096.4343","-1181.1829","0.0","0.0","0.0","0.0","2978.024","-1.460088","0.0","0.19956763","0.0","0.0","0.0","0.0","0.0","0.0","0.0","0.0","0.0","0.0","0.0","0.0","0.4537723",""
"684","BX_nyse","2013","2","3 months ending 2013-06-30","days","365.26096","2013-06-30","In Millions of USD (except for per share items)","5066.7554","57.89999","5124.6553","0.0","0.0","3388.0989","0.0","0.0","0.0","0.0","0.0","3486.5176","1638.138","0.0","0.0","0.0","1461.9177","1250.2153","-637.50397","0.0","612.7016","0.0","0.0","0.0","612.7016","0.0","612.7016","612.7016","0.0","0.0","0.0","0.0","2272.5764","1.0781709","0.0","0.91432905","0.0","0.0","0.0","0.0","0.0","0.0","0.0","0.0","0.0","0.0","0.0","0.0","2.370292",""
"693","SCHW_nyse","2013","2","3 months ending 2013-06-30","days","365.26096","2013-06-30","In Millions of USD (except for per share items)","4845.8984","189.67682","5035.575","0.0","0.0","3107.879","0.0","201.98416","0.0","0.0","277.89865","3587.7612","1447.8138","0.0","0.0","0.0","1447.8138","920.3794","0.0","0.0","920.3794","0.0","0.0","0.0","920.3794","0.0","858.5204","858.5204","0.0","0.0","0.0","0.0","5122.9346","0.6705693","0.0","0.2400072","0.0","0.0","0.0","0.0","0.0","0.0","0.0","0.0","0.0","0.0","0.0","0.0","0.68046004",""
"702","CEB_nyse","2013","2","3 months ending 2013-06-30","days","365.26096","2013-06-30","In Millions of USD (except for per share items)","752.6552","0.0","752.6552","279.29837","473.3569","306.9957","0.0","56.31606","0.0","25.194906","0.0","667.7749","84.88033","0.0","0.0","1.226448","62.850746","31.21907","0.0","0.0","31.21907","0.0","0.0","0.0","31.21907","0.0","31.21907","31.21907","0.0","0.0","0.0","0.0","135.31923","0.9218021","0.0","0.798709","0.0","0.0","0.0","0.0","0.0","0.0","0.0","0.0","0.0","0.0","0.0","0.0","1.4090585",""
"711","SRV_nyse","2013","-1","6 months ending 2013-05-31","days","365.25","2013-05-31","In Millions of USD (except for per share items)","0.0","3.2942076","3.2942076","0.0","0.0","5.3325686","0.0","0.0","0.0","0.0","-0.050491802","5.972131","-2.6879783","0.0","47.860985","0.0","45.173004","44.950058","0.0","0.0","44.950058","0.0","0.0","0.0","44.950058","0.0","44.950058","44.950058","0.0","0.0","0.0","0.0","66.71989","1.3461202","0.0","0.66874313","0.0","0.0","0.0","0.0","0.0","0.0","0.0","0.0","0.0","0.0","0.0","0.0","0.4084153",""
"720","THG_nyse","2013","2","3 months ending 2013-06-30","days","365.26096","2013-06-30","In Millions of USD (except for per share items)","0.0","0.0","4704.2197","0.0","0.0","0.0","0.0","0.0","0.0","5.1","627.14703","4603.1426","101.07743","0.0","0.0","0.0","101.07743","104.692894","0.0","0.0","104.692894","0.0","0.0","0.0","104.5808","0.0","104.692894","104.5808","0.0","0.0","0.0","0.0","179.8087","2.310709","0.0","1.2893803","0.0","0.0","0.0","0.0","0.0","0.0","0.0","0.0","0.0","0.0","0.0","0.0","2.3807092",""
"729","TRV_nyse","2013","2","3 months ending 2013-06-30","days","365.26096","2013-06-30","In Millions of USD (except for per share items)","0.0","221.90025","25992.023","0.0","0.0","3678.6934","0.0","0.0","0.0","0.0","0.0","22114.504","3877.5176","0.0","0.0","0.0","3877.5176","2988.0874","0.0","0.0","2988.0874","0.0","0.0","0.0","2988.0874","0.0","2967.0977","2967.0977","0.0","0.0","0.0","0.0","1535.1996","7.736659","0.0","1.8400553","0.0","0.0","0.0","0.0","0.0","0.0","0.0","0.0","0.0","0.0","0.0","0.0","7.7568784",""
"738","TGX_nyse","2013","2","3 months ending 2013-06-30","days","365.26096","2013-06-30","In Millions of USD (except for per share items)","79.18878","0.0","79.18878","50.476692","28.71177","22.788183","1.0901428","3.2359276","0.0","0.55398905","0.0","78.15482","1.0538551","0.0","0.0","0.01021978","0.57340235","0.34560198","0.0","0.0","0.34560198","0.0","0.0","0.0","0.34560198","0.0","0.34560198","0.34560198","0.0","0.0","0.0","0.0","117.69998","0.01043956","0.0","0.0","0.0","0.0","0.0","0.0","0.0","0.0","0.0","0.0","0.0","0.0","0.0","0.0","0.02033027",""
"747","TMO_nyse","2013","2","13 weeks ending 2013-06-29","days","364.0","2013-06-29","In Millions of USD (except for per share items)","12773.741","0.0","12773.741","7390.869","5382.871","3376.6328","383.6978","0.0","0.0","107.87912","0.0","11259.079","1514.6615","0.0","0.0","-37.99231","1262.4692","1303.3846","0.0","0.0","1303.3846","0.0","0.0","0.0","1280.0396","0.0","1303.3846","1280.0396","0.0","0.0","0.0","0.0","1452.4615","3.589341","0.0","0.57956046","0.0","0.0","0.0","0.0","0.0","0.0","0.0","0.0","0.0","0.0","0.0","0.0","3.8495603",""
"756","THR_nyse","2013","2","3 months ending 2013-06-30","days","364.751","2013-06-30","In Millions of USD (except for per share items)","281.63348","0.0","281.63348","150.9302","130.70328","65.43994","0.0","11.189617","0.0","15.31082","0.0","242.8706","38.77278","0.0","0.0","-0.35710385","21.845299","13.370491","0.0","0.0","13.370491","0.0","0.0","0.0","13.370491","0.0","13.370491","13.370491","0.0","0.0","0.0","0.0","110.5765","0.4189617","0.0","0.0","0.0","0.0","0.0","0.0","0.0","0.0","0.0","0.0","0.0","0.0","0.0","0.0","0.73546445",""
"765","TPGI_nyse","2013","2","3 months ending 2013-06-30","days","365.26096","2013-06-30","In Millions of USD (except for per share items)","94.472","0.0","94.472","61.16618","33.30582","21.0391","0.0","16.151917","0.0","13.481803","0.0","127.51229","-33.0204","0.0","-0.5538798","0.0","-42.554768","-42.11477","10.203785","0.0","-31.920982","0.0","0.0","0.0","-31.920982","0.0","-31.931202","-31.931202","0.0","0.0","0.0","0.0","183.54018","-0.6984807","0.0","0.069782615","0.0","0.0","0.0","0.0","0.0","0.0","0.0","0.0","0.0","0.0","0.0","0.0","-0.4986993",""
"774","TC_nyse","2013","2","3 months ending 2013-06-30","days","365.26096","2013-06-30","In Millions of USD (except for per share items)","399.97073","0.0","399.97073","375.7741","24.196634","37.587955","1.4044317","0.0","0.0","578.53296","0.0","993.29944","-593.32874","0.0","0.0","0.29561642","-641.49786","-551.75934","0.0","0.0","-551.75934","0.0","0.0","0.0","-551.75934","0.0","-551.75934","-551.75934","0.0","0.0","0.0","0.0","724.1738","-3.2751713","0.0","0.0","0.0","0.0","0.0","0.0","0.0","0.0","0.0","0.0","0.0","0.0","0.0","0.0","-1.0409956",""
"783","TRI_nyse","2013","2","3 months ending 2013-06-30","days","365.25","2013-06-30","In Millions of USD (except for per share items)","12885.263","0.0","12885.263","2613.1257","3655.6064","1770.4371","0.0","1780.7705","0.0","-192.26776","5108.0547","10990.115","1895.1476","0.0","0.0","18.371586","1407.1857","1061.306","-56.0","0.0","1005.30597","0.0","0.0","0.0","1016.2951","0.0","1002.3169","1013.306","0.0","0.0","0.0","0.0","2484.0342","1.2076503","0.0","1.2898906","0.0","0.0","0.0","0.0","0.0","0.0","0.0","0.0","0.0","0.0","0.0","0.0","1.1472131",""
"792","THO_nyse","2013","-1","3 months ending 2013-04-30","days","365.25","2013-04-30","In Millions of USD (except for per share items)","3551.102","0.0","3551.102","3130.8206","420.28174","202.77231","0.0","11.09912","0.0","11.276593","-1.5694505","3351.9963","199.10559","0.0","0.0","0.0","199.10559","139.0232","0.0","0.0","139.0232","0.0","0.0","0.0","139.0232","0.0","139.0232","139.0232","0.0","0.0","0.0","0.0","212.23692","2.6104393","0.0","0.6893407","0.0","0.0","0.0","0.0","0.0","0.0","0.0","0.0","0.0","0.0","0.0","0.0","2.766923",""
"801","TDW_nyse","2013","2","3 months ending 2013-06-30","days","365.26096","2013-06-30","In Millions of USD (except for per share items)","1283.4159","0.0","1283.4159","750.1594","533.2465","185.2877","0.0","151.56548","0.0","-7.8848643","3.9859564","1083.1035","200.30249","0.0","0.0","0.0","191.63782","148.05109","0.0","0.0","148.05109","0.0","0.0","0.0","148.05109","0.0","148.05109","148.05109","0.0","0.0","0.0","0.0","198.09795","2.9913018","0.0","1.00003","0.0","0.0","0.0","0.0","0.0","0.0","0.0","0.0","0.0","0.0","0.0","0.0","2.8619552",""
"810","TIF_nyse","2013","-1","3 months ending 2013-07-31","days","365.26096","2013-07-31","In Millions of USD (except for per share items)","3908.706","0.0","3908.706","1679.3572","2229.3489","1504.5466","0.0","0.0","0.0","0.0","0.0","3183.924","724.812","0.0","0.0","0.0","668.5266","432.48813","0.0","0.0","432.48813","0.0","0.0","0.0","432.48813","0.0","432.48813","432.48813","0.0","0.0","0.0","0.0","513.1","3.3645942","0.0","1.2998198","0.0","0.0","0.0","0.0","0.0","0.0","0.0","0.0","0.0","0.0","0.0","0.0","3.3645942",""
"819","TLYS_nyse","2013","-1","13 weeks ending 2013-08-03","days","366.0","2013-08-03","In Millions of USD (except for per share items)","490.95792","0.0","490.95792","334.28458","156.70274","117.65484","0.0","0.0","0.0","0.0","0.0","451.92944","39.03791","0.0","0.0","0.0","38.86011","25.19956","0.0","0.0","25.19956","0.0","0.0","0.0","25.19956","0.0","25.19956","25.19956","0.0","0.0","0.0","0.040000003","103.987144","1.0118681","0.0","0.0","0.0","0.0","0.0","0.0","0.0","0.0","0.0","0.0","0.0","0.0","0.0","0.0","1.0118681",""
"828","THI_nyse","2013","2","13 weeks ending 2013-06-30","days","366.0","2013-06-30","In Millions of CAD (except for per share items)","3162.947","0.0","3162.947","2080.2488","1082.6984","156.80484","0.0","0.0","0.0","27.848131","301.04504","2551.0098","611.93713","0.0","0.0","0.0","580.5968","422.38052","-4.1176925","0.0","418.2731","0.0","0.0","0.0","418.2731","0.0","418.2731","418.2731","0.0","0.0","0.0","0.0","618.80817","2.714945","0.0","0.9446153","0.0","0.0","0.0","0.0","0.0","0.0","0.0","0.0","0.0","0.0","0.0","0.0","2.8458242",""
"837","TSU_nyse","2013","2","3 months ending 2013-06-30","days","365.26096","2013-06-30","In Millions of BRL (except for per share items)","19401.473","0.0","19401.473","10506.215","8895.247","5785.38","0.0","233.63121","0.0","0.0","511.85623","17037.082","2364.3801","0.0","0.0","197.159","2190.8079","1516.7208","0.0","0.0","1516.7208","0.0","0.0","0.0","1516.7208","0.0","1516.7208","1516.7208","0.0","0.0","0.0","0.0","9668.13","0.6296877","0.0","0.14","0.0","0.0","0.0","0.0","0.0","0.0","0.0","0.0","0.0","0.0","0.0","0.0","0.6296877",""
"846","TWC_nyse","2013","2","3 months ending 2013-06-30","days","365.26096","2013-06-30","In Millions of USD (except for per share items)","21870.375","0.0","21870.375","10262.093","11608.284","3719.673","0.0","3272.0547","0.0","107.06942","0.0","17360.89","4509.4863","0.0","0.0","1.011049","3430.1426","2213.1409","-2.0219781","0.0","2211.119","0.0","0.0","0.0","2211.119","0.0","2201.1296","2201.1296","0.0","0.0","0.0","0.0","1208.3401","7.2547927","0.0","2.4180999","0.0","0.0","0.0","0.0","0.0","0.0","0.0","0.0","0.0","0.0","0.0","0.0","7.4850206",""
"855","TWX_nyse","2013","2","3 months ending 2013-06-30","days","365.26096","2013-06-30","In Millions of USD (except for per share items)","28568.914","804.3659","29373.28","16057.259","12511.655","6368.0396","0.0","247.93034","0.0","168.22838","0.0","22841.459","6531.823","0.0","0.0","-15.8354645","5198.588","3532.751","0.0","0.0","3532.751","0.0","0.0","0.0","3532.751","0.0","3514.7505","3514.7505","0.0","0.0","0.0","0.0","3848.5605","3.6515243","0.0","1.0993755","0.0","0.0","0.0","0.0","0.0","0.0","0.0","0.0","0.0","0.0","0.0","0.0","3.929451",""
"864","TKR_nyse","2013","2","3 months ending 2013-06-30","days","365.26096","2013-06-30","In Millions of USD (except for per share items)","4440.087","0.0","4440.087","3285.8196","1154.2676","629.33307","0.0","0.0","0.0","22.19498","0.0","3937.3474","502.7395","0.0","0.0","-2.756116","475.46295","314.35782","-0.2054885","0.0","314.15234","0.0","0.0","0.0","314.15234","0.0","313.45013","313.45013","0.0","0.0","0.0","0.0","387.00116","3.2404273","0.0","0.9200277","0.0","0.0","0.0","0.0","0.0","0.0","0.0","0.0","0.0","0.0","0.0","0.0","3.3816395",""
"873","TWI_nyse","2013","2","3 months ending 2013-06-30","days","365.26096","2013-06-30","In Millions of USD (except for per share items)","2066.1296","0.0","2066.1296","1764.5681","301.57156","171.92493","9.928572","0.0","0.0","7.1905465","0.0","1953.5919","112.537735","0.0","0.0","5.2928114","125.05792","56.442097","2.3015654","0.0","58.74366","0.0","0.0","0.0","58.74366","0.0","58.74366","58.74366","0.0","0.0","0.0","2.2728145","226.28384","1.0209212","0.0","0.040001202","0.0","0.0","0.0","0.0","0.0","0.0","0.0","0.0","0.0","0.0","0.0","0.0","1.0901561",""
"882","TJX_nyse","2013","-1","13 weeks ending 2013-08-03","days","366.0","2013-08-03","In Millions of USD (except for per share items)","26414.502","0.0","26414.502","18849.986","7564.525","4363.125","0.0","0.0","0.0","0.0","0.0","23238.146","3176.3652","0.0","0.0","0.0","3176.3652","1973.4802","0.0","0.0","1973.4802","0.0","0.0","0.0","1973.4802","0.0","1973.4802","1973.4802","0.0","0.0","0.0","0.0","2903.8252","2.6859338","0.0","0.5134066","0.0","0.0","0.0","0.0","0.0","0.0","0.0","0.0","0.0","0.0","0.0","0.0","2.6859338",""
"891","TMS_nyse","2013","2","3 months ending 2013-06-30","days","365.26096","2013-06-30","In Millions of USD (except for per share items)","2330.1501","0.0","2330.1501","2120.67","209.46992","64.348976","0.0","74.59891","0.0","1.0879781","0.0","2260.7158","69.42417","0.0","0.0","-0.36","45.50745","32.622955","-0.41418064","0.0","32.208775","0.0","0.0","0.0","32.208775","0.0","32.208775","32.208775","0.0","0.0","0.0","-0.25","157.28265","0.8209044","0.0","0.19781421","0.0","0.0","0.0","0.0","0.0","0.0","0.0","0.0","0.0","0.0","0.0","0.0","0.8307951",""
"900","TOL_nyse","2013","-1","3 months ending 2013-07-31","days","365.26096","2013-07-31","In Millions of USD (except for per share items)","2263.3271","0.0","2263.3271","1829.1602","434.1671","320.73605","0.0","0.0","0.0","-24.897875","0.0","2124.9883","138.33894","0.0","2.9291804","37.485752","178.4415","495.3734","0.0","0.0","495.3734","0.0","0.0","0.0","495.3734","0.0","495.3734","495.3734","0.0","0.0","0.0","0.87301505","699.8769","2.868156","0.0","0.0","0.0","0.0","0.0","0.0","0.0","0.0","0.0","0.0","0.0","0.0","0.0","0.0","2.7676034",""
"909","TR_nyse","2013","2","13 weeks ending 2013-06-29","days","364.0","2013-06-29","In Millions of USD (except for per share items)","546.15784","0.0","546.15784","359.3465","186.80142","111.58363","0.0","0.0","0.0","0.0","4.5761538","475.5066","70.64143","0.0","0.0","0.875055","76.71802","53.472088","0.0","0.0","53.472088","0.0","0.0","0.0","53.472088","0.0","53.472088","53.472088","0.0","0.0","0.0","0.0","240.13527","0.8851648","0.0","0.32","0.0","0.0","0.0","0.0","0.0","0.0","0.0","0.0","0.0","0.0","0.0","0.0","0.8851648",""
"918","TMK_nyse","2013","2","3 months ending 2013-06-30","days","365.26096","2013-06-30","In Millions of USD (except for per share items)","0.0","1.9605043","3712.7783","0.0","0.0","424.91748","0.0","0.0","0.0","0.0","0.0","2937.3875","775.371","0.0","0.0","0.0","775.371","535.2911","0.0","0.0","535.2911","0.0","0.0","0.0","535.2911","0.0","535.2911","535.2911","0.0","0.0","0.0","0.0","379.79413","5.650273","0.0","0.66958094","0.0","0.0","0.0","0.0","0.0","0.0","0.0","0.0","0.0","0.0","0.0","0.0","5.650273",""
"927","TTC_nyse","2013","-1","3 months ending 2013-08-02","days","364.25204","2013-08-02","In Millions of USD (except for per share items)","1991.724","0.0","1991.724","1285.0354","706.6985","481.2905","0.0","0.0","0.0","0.0","0.0","1766.3259","225.39798","0.0","0.0","7.050109","218.73935","149.50246","0.0","0.0","149.50246","0.0","0.0","0.0","149.50246","0.0","149.50246","149.50246","0.0","0.0","0.0","0.0","237.31427","2.519071","0.0","0.52847","0.0","0.0","0.0","0.0","0.0","0.0","0.0","0.0","0.0","0.0","0.0","0.0","2.519071",""
"936","TD_nyse","2013","-1","3 months ending 2013-07-31","days","365.26096","2013-07-31","In Millions of CAD (except for per share items)","0.0","0.0","0.0","0.0","0.0","0.0","0.0","0.0","0.0","0.0","0.0","0.0","0.0","0.0","0.0","0.0","7467.7476","6388.77","-104.00312","247.81012","6532.576","0.0","0.0","0.0","6532.576","0.0","6347.4507","6347.4507","0.0","0.0","0.0","7.087912","3690.4253","6.879762","0.0","3.159218","0.0","0.0","0.0","0.0","0.0","0.0","0.0","0.0","0.0","0.0","0.0","0.0","7.049546",""
"945","TYY_nyse","2013","-1","3 months ending 2013-05-31","days","366.2589","2013-05-31","In Millions of USD (except for per share items)","0.0","5.286321","5.286321","0.0","0.0","12.12737","0.0","0.0","0.0","0.0","0.0","12.12737","-6.8310494","0.0","231.56763","-2.563068","214.44498","219.18634","0.0","0.0","219.18634","0.0","0.0","0.0","219.18634","0.0","219.18634","219.18634","0.0","0.0","0.0","0.0","80.21554","10.98858","0.0","1.6744208","0.0","0.0","0.0","0.0","0.0","0.0","0.0","0.0","0.0","0.0","0.0","0.0","3.4389744",""
"954","TYG_nyse","2013","-1","3 months ending 2013-05-31","days","366.2589","2013-05-31","In Millions of USD (except for per share items)","0.0","8.913742","8.913742","0.0","0.0","18.13919","0.0","0.0","0.0","0.0","0.04038492","18.169353","-9.255833","0.0","0.0","-5.379815","482.4338","302.41568","0.0","0.0","302.41568","0.0","0.0","0.0","302.41568","0.0","302.41568","302.41568","0.0","0.0","0.0","0.0","114.67204","10.628477","0.0","2.266078","0.0","0.0","0.0","0.0","0.0","0.0","0.0","0.0","0.0","0.0","0.0","0.0","10.628477",""
"963","NTG_nyse","2009","2","3 months ending 2009-06-30","days","365.26096","2009-06-30","In Millions of USD (except for per share items)","662.46173","0.0","662.46173","471.21436","191.22723","125.1827","0.0","12.333444","0.0","0.0","-2.5618947","607.1689","55.29282","0.0","0.0","0.0","55.29282","36.144585","-2.0371952","0.0","34.117283","0.0","0.0","0.0","34.117283","0.0","33.81067","33.81067","0.0","0.0","0.0","0.0","79.21126","1.7178478","0.0","0.0","0.0","0.0","0.0","0.0","0.0","0.0","0.0","0.0","0.0","0.0","0.0","0.0","1.7178478",""
"972","TYN_nyse","2013","-1","3 months ending 2013-05-31","days","366.2589","2013-05-31","In Millions of USD (except for per share items)","0.0","0.69933766","0.69933766","0.0","0.0","2.746197","0.0","0.0","0.0","0.0","0.04011049","2.7863076","-2.0869699","0.0","59.245274","0.0","56.777145","35.661743","0.0","0.0","35.661743","0.0","0.0","0.0","35.661743","0.0","35.661743","35.661743","0.0","0.0","0.0","0.0","25.299557","5.660478","0.0","1.5842544","0.0","0.0","0.0","0.0","0.0","0.0","0.0","0.0","0.0","0.0","0.0","0.0","-0.45110732",""
"981","TSS_nyse","2013","2","3 months ending 2013-06-30","days","365.26096","2013-06-30","In Millions of USD (except for per share items)","1890.5763","0.0","1890.5763","1269.5731","621.01294","265.2475","0.0","0.0","0.0","14.252514","0.0","1549.0732","341.50308","0.0","0.0","10.905946","341.31592","232.38416","-8.083705","11.691273","235.9914","0.0","0.0","0.0","235.9914","0.0","235.23148","235.23148","0.0","0.0","0.0","0.0","750.8087","1.2503663","0.0","0.40001202","0.0","0.0","0.0","0.0","0.0","0.0","0.0","0.0","0.0","0.0","0.0","0.0","1.2998198",""
"990","TOT_nyse","2013","2","3 months ending 2013-06-30","days","365.26096","2013-06-30","In Millions of EUR (except for per share items)","177440.84","0.0","177440.84","123344.44","54096.42","0.0","1400.6392","9786.521","0.0","0.0","23435.252","157966.84","19474.016","0.0","0.0","0.0","21260.018","9700.448","-196.58775","0.0","9503.86","0.0","0.0","0.0","9503.86","0.0","9503.86","9503.86","0.0","0.0","0.0","0.0","9084.162","4.180107","0.0","2.3600707","0.0","0.0","0.0","0.0","0.0","0.0","0.0","0.0","0.0","0.0","0.0","0.0","4.750456",""
"999","TOWR_nyse","2013","2","3 months ending 2013-06-30","days","364.92038","2013-06-30","In Millions of USD (except for per share items)","2121.4282","0.0","2121.4282","1900.7688","220.66956","133.35417","0.0","3.781307","0.0","22.628958","0.0","2060.5132","60.911602","0.0","0.0","-40.482677","-40.66136","-51.27789","-5.652371","-0.16814208","-57.07512","0.0","0.0","0.0","-26.91198","0.0","-57.07512","-26.91198","0.0","0.0","0.0","0.0","67.51024","-2.812195","0.0","0.0","0.0","0.0","0.0","0.0","0.0","0.0","0.0","0.0","0.0","0.0","0.0","0.0","-2.093352",""
"1008","TW_nyse","2013","2","3 months ending 2013-06-30","days","365.26096","2013-06-30","In Millions of USD (except for per share items)","3595.2751","0.0","3595.2751","2175.5024","1419.7728","741.67285","0.0","175.73366","0.0","30.818981","0.0","3124.5684","470.69662","0.0","0.0","6.9611015","467.32382","314.98294","3.174758","0.0","318.1676","0.0","0.0","0.0","318.1676","0.0","314.84705","314.84705","0.0","0.0","0.0","0.0","284.4772","4.4402604","0.0","0.6976101","0.0","0.0","0.0","0.0","0.0","0.0","0.0","0.0","0.0","0.0","0.0","0.0","4.7207065",""
"1017","TM_nyse","2013","2","3 months ending 2013-06-30","days","365.26096","2013-06-30","In Millions of JPY (except for per share items)","2.280461E7","0.0","2.280461E7","1.8983754E7","3820856.8","2194983.5","0.0","0.0","0.0","0.0","0.0","2.1178736E7","1625873.2","0.0","0.0","-3003.676","1707809.1","1111892.4","-131535.97","249746.56","1230102.9","0.0","0.0","0.0","1230102.9","0.0","1230102.9","1230102.9","0.0","0.0","0.0","0.0","12672.528","388.20886","0.0","90.0036","0.0","0.0","0.0","0.0","0.0","0.0","0.0","0.0","0.0","0.0","0.0","0.0","388.20886",""
"1026","TAC_nyse","2013","1","3 months ending 2013-03-31","days","365.25003","2013-03-31","In Millions of CAD (except for per share items)","2144.5383","0.0","2144.5383","822.45056","0.0","0.0","0.0","507.13187","0.0","626.4066","51.934067","2489.099","-344.56042","0.0","15.0","-14.021978","-570.7033","-655.7253","-33.945057","0.0","-689.67035","0.0","0.0","0.0","-689.67035","0.0","-722.6374","-722.6374","0.0","0.0","0.0","0.0","972.65936","-3.1981318","0.0","1.16","0.0","0.0","0.0","0.0","0.0","0.0","0.0","0.0","0.0","0.0","0.0","0.0","-1.4996703",""
"1035","TRP_nyse","2013","2","3 months ending 2013-06-30","days","365.26096","2013-06-30","In Millions of CAD (except for per share items)","8476.157","0.0","8476.157","3933.8972","4542.26","434.5294","0.0","1407.6149","0.0","0.0","0.0","5399.1694","3076.9875","0.0","0.0","0.0","2123.814","1658.1969","-111.047195","0.0","1547.1498","0.0","0.0","0.0","1547.1498","0.0","1485.2465","1485.2465","0.0","0.0","0.0","0.0","2833.206","2.0988603","0.0","1.7996157","0.0","0.0","0.0","0.0","0.0","0.0","0.0","0.0","0.0","0.0","0.0","0.0","2.0888603",""
"1044","TCI_nyse","2013","2","3 months ending 2013-06-30","days","365.26096","2013-06-30","In Millions of USD (except for per share items)","109.48611","0.0","109.48611","51.7841","57.68179","19.240679","0.0","20.98732","0.0","0.0","0.0","92.01209","17.474009","0.0","1.7845026","-3.5597627","-20.976746","-12.396891","-0.18836544","0.0","-12.575365","0.0","0.0","0.0","2.4167995","0.0","-13.695398","1.3066562","0.0","0.0","0.0","0.0","33.64101","-1.6299441","0.0","0.0","0.0","0.0","0.0","0.0","0.0","0.0","0.0","0.0","0.0","0.0","0.0","0.0","-1.7548887",""
"1053","TDG_nyse","2013","2","13 weeks ending 2013-06-29","days","366.0","2013-06-29","In Millions of USD (except for per share items)","1857.4589","0.0","1857.4589","825.4411","1032.0177","248.06395","0.0","41.12725","0.0","33.55663","0.0","1148.1989","709.25","0.0","0.0","0.0","463.53577","308.73547","0.0","0.0","308.73547","0.0","0.0","0.0","308.73547","0.0","232.90427","232.90427","0.0","0.0","0.0","0.0","218.4677","4.2941394","0.0","0.0","0.0","0.0","0.0","0.0","0.0","0.0","0.0","0.0","0.0","0.0","0.0","0.0","4.9358244",""
"1062","TLP_nyse","2013","2","3 months ending 2013-06-30","days","365.26096","2013-06-30","In Millions of USD (except for per share items)","159.23668","0.0","159.23668","69.81358","89.41322","19.975752","0.0","29.184515","0.0","0.0","0.0","118.80933","40.42735","0.0","0.0","0.0","36.53053","36.53053","0.0","0.0","36.53053","0.0","0.0","0.0","36.53053","0.0","31.152008","31.152008","0.0","0.0","0.0","0.0","57.791733","2.15018","0.0","2.5699675","0.0","0.0","0.0","0.0","0.0","0.0","0.0","0.0","0.0","0.0","0.0","0.0","2.15018",""
"1071","RIG_nyse","2013","2","3 months ending 2013-06-30","days","365.26096","2013-06-30","In Millions of USD (except for per share items)","9052.961","262.45822","9315.419","5480.1553","3572.8052","277.9427","0.0","1118.0227","0.0","-73.60163","0.0","6802.519","2512.9","0.0","0.0","-42.990032","1862.2888","1654.6315","5.0002403","0.0","1659.6317","0.0","0.0","0.0","687.76294","0.0","1653.6973","681.8285","0.0","0.0","0.0","0.0","1439.0212","4.5931816","0.0","0.0","0.0","0.0","0.0","0.0","0.0","0.0","0.0","0.0","0.0","0.0","0.0","0.0","4.6061745",""
"1080","TGS_nyse","2013","1","3 months ending 2013-03-31","days","365.25003","2013-03-31","In Millions of ARS (except for per share items)","2752.4907","0.0","2752.4907","1401.1891","1351.3018","567.28326","0.0","10.787252","0.0","0.0","-24.952747","1954.3069","798.1939","0.0","0.0","-36.395607","421.21625","272.819","0.0","0.0","272.819","0.0","0.0","0.0","272.819","0.0","272.819","272.819","0.0","0.0","0.0","0.0","3189.59","0.3387912","0.0","0.14835165","0.0","0.0","0.0","0.0","0.0","0.0","0.0","0.0","0.0","0.0","0.0","0.0","0.3387912",""
"1089","TA_nyse","2013","2","3 months ending 2013-06-30","days","365.26096","2013-06-30","In Millions of USD (except for per share items)","7936.692","0.0","7936.692","6823.091","1113.6311","1026.5018","0.0","54.505043","0.0","0.6506786","0.0","7904.7485","31.963419","0.0","0.0","-0.20770493","22.168726","20.745394","0.0","0.0","20.745394","0.0","0.0","0.0","20.745394","0.0","19.543951","19.543951","0.0","0.0","0.0","0.0","109.95123","0.7230848","0.0","0.0","0.0","0.0","0.0","0.0","0.0","0.0","0.0","0.0","0.0","0.0","0.0","0.0","0.74319524",""
"1098","TRR_nyse","2013","2","3 months ending 2013-06-30","days","365.25","2013-06-30","In Millions of USD (except for per share items)","325.15","0.0","325.15","268.55","56.609997","31.130001","0.0","6.9","0.0","0.0","0.0","306.6","18.560001","0.0","0.0","0.0","18.22","36.2","0.07","0.0","36.27","0.0","0.0","0.0","36.27","0.0","36.27","36.27","0.0","0.0","0.0","0.0","118.32","1.22","0.0","0.0","0.0","0.0","0.0","0.0","0.0","0.0","0.0","0.0","0.0","0.0","0.0","0.0","1.22",""
"1107","TG_nyse","2013","2","3 months ending 2013-06-30","days","364.92038","2013-06-30","In Millions of USD (except for per share items)","933.1307","14.440836","947.57153","784.02545","149.10522","77.93561","6.3399453","6.626056","0.0","6.756077","0.0","884.87415","62.687424","0.0","0.0","0.0","62.687424","42.709618","0.0","0.0","42.709618","0.0","0.0","0.0","22.013943","0.0","42.709618","22.013943","0.0","0.0","0.0","0.0","107.51779","1.3125298","0.0","0.24938238","0.0","0.0","0.0","0.0","0.0","0.0","0.0","0.0","0.0","0.0","0.0","0.0","1.4165819",""
"1116","THS_nyse","2013","2","3 months ending 2013-06-30","days","365.26096","2013-06-30","In Millions of USD (except for per share items)","2197.5215","0.0","2197.5215","1741.3484","456.17285","241.8658","0.0","33.379684","0.0","6.781396","-1.25","2022.1255","175.39566","0.0","0.0","0.5893628","126.20729","88.32963","0.0","0.0","88.32963","0.0","0.0","0.0","88.32963","0.0","88.32963","88.32963","0.0","0.0","0.0","0.0","148.80942","2.3805068","0.0","0.0","0.0","0.0","0.0","0.0","0.0","0.0","0.0","0.0","0.0","0.0","0.0","0.0","2.8136942",""
"1125","TREX_nyse","2013","2","3 months ending 2013-06-30","days","365.26096","2013-06-30","In Millions of USD (except for per share items)","322.71042","0.0","322.71042","229.16414","93.54627","75.54567","0.0","0.0","0.0","0.0","0.0","304.70984","17.990599","0.0","0.0","0.0","17.302324","16.165277","0.0","0.0","16.165277","0.0","0.0","0.0","16.165277","0.0","16.165277","16.165277","0.0","0.0","0.0","0.0","68.10768","0.88913167","0.0","0.0","0.0","0.0","0.0","0.0","0.0","0.0","0.0","0.0","0.0","0.0","0.0","0.0","0.88913167",""
"1134","TY_nyse","2013","2","6 months ending 2013-06-30","days","365.25","2013-06-30","In Millions of USD (except for per share items)","0.0","48.507652","48.507652","4.469016","0.0","1.2683606","0.0","0.0","0.0","0.0","0.08836065","5.815628","42.701912","0.0","0.0","0.0","201.87181","201.87181","0.0","0.0","201.87181","0.0","0.0","0.0","201.87181","0.0","201.87181","201.87181","0.0","0.0","0.0","0.0","125.09738","3.218743","0.0","0.68989074","0.0","0.0","0.0","0.0","0.0","0.0","0.0","0.0","0.0","0.0","0.0","0.0","3.218743",""
"1143","TPH_nyse","2013","2","3 months ending 2013-06-30","days","365.26096","2013-06-30","In Millions of USD (except for per share items)","144.42792","0.0","144.42792","117.88719","26.520962","17.94107","0.0","0.0","0.0","0.0","0.0","135.84816","8.57978","0.0","0.0","0.21496066","8.794849","7.2617893","0.0","0.0","7.2617893","0.0","0.0","0.0","7.2617893","0.0","7.2617893","7.2617893","0.0","0.0","0.0","0.0","59.225574","0.07912568","0.0","0.0","0.0","0.0","0.0","0.0","0.0","0.0","0.0","0.0","0.0","0.0","0.0","0.0","0.07912568",""
"1151","TCAP_nyse","2013","2","3 months ending 2013-06-30","days","365.26096","2013-06-30","In Millions of USD (except for per share items)","100.999374","0.0","100.999374","0.0","0.0","19.01621","0.0","0.0","0.0","1.0391455","0.0","39.114098","61.87538","0.0","0.0","0.0","72.58726","72.00659","0.0","0.0","72.00659","0.0","0.0","0.0","72.00659","0.0","72.00659","72.00659","0.0","0.0","0.0","0.0","109.61868","2.6170108","0.0","2.1296253","0.0","0.0","0.0","0.0","0.0","0.0","0.0","0.0","0.0","0.0","0.0","0.0","2.6674516",""
"1160","TSL_nyse","2013","2","3 months ending 2013-06-30","days","274.94092","2013-06-30","In Millions of USD (except for per share items)","1045.2527","0.0","1045.2527","985.72424","59.528576","213.14099","17.471428","0.0","0.0","0.0","0.0","1216.3466","-171.10384","0.0","0.0","6.114286","-180.83899","-179.29208","-0.009890109","0.0","-179.3021","0.0","0.0","0.0","-179.3021","0.0","-179.3021","-179.3021","0.0","0.0","0.0","0.0","7185.7354","-0.5103296","0.0","0.0","0.0","0.0","0.0","0.0","0.0","0.0","0.0","0.0","0.0","0.0","0.0","0.0","-0.5103296",""
"1168","TRN_nyse","2013","2","3 months ending 2013-06-30","days","364.92038","2013-06-30","In Millions of USD (except for per share items)","3940.0784","0.0","3940.0784","3071.4421","868.6369","257.70135","0.0","0.0","0.0","-28.280079","0.0","3300.863","639.2156","0.0","0.0","3.4044213","449.3937","292.03644","-3.0179608","0.0","289.01846","0.0","0.0","0.0","295.0361","0.0","280.0724","286.09003","0.0","0.0","0.0","0.0","255.6268","3.6286528","0.0","0.43281466","0.0","0.0","0.0","0.0","0.0","0.0","0.0","0.0","0.0","0.0","0.0","0.0","3.3946369",""
"1177","GTS_nyse","2013","2","3 months ending 2013-06-30","days","365.26096","2013-06-30","In Millions of USD (except for per share items)","0.0","112.59306","2401.338","0.0","0.0","0.0","0.0","0.0","0.0","0.0","455.20972","2316.7036","84.63406","0.0","0.0","0.0","74.441475","66.489494","0.21934786","0.0","66.70884","0.0","0.0","0.0","66.70884","0.0","66.70884","66.70884","0.0","0.0","0.0","0.0","113.01108","2.3644755","0.0","0.0","0.0","0.0","0.0","0.0","0.0","0.0","0.0","0.0","0.0","0.0","0.0","0.0","2.3644755",""
"1186","TGI_nyse","2013","2","3 months ending 2013-06-30","days","365.26096","2013-06-30","In Millions of USD (except for per share items)","3758.2268","0.0","3758.2268","2808.3936","949.8233","278.9533","0.0","135.54417","0.0","3.3532865","0.0","3226.2446","531.9824","0.0","0.0","0.0","461.3925","300.23166","0.0","0.0","300.23166","0.0","0.0","0.0","300.23166","0.0","300.23166","300.23166","0.0","0.0","0.0","0.0","210.31546","5.703681","0.0","0.16000481","0.0","0.0","0.0","0.0","0.0","0.0","0.0","0.0","0.0","0.0","0.0","0.0","5.753902",""
"1195","TBI_nyse","2013","2","13 weeks ending 2013-06-28","days","366.0","2013-06-28","In Millions of USD (except for per share items)","1501.2399","0.0","1501.2399","1100.7972","400.43277","336.32614","0.0","19.852417","0.0","0.0","0.0","1456.976","44.26418","0.0","0.0","0.0","45.912968","33.545387","0.0","0.0","33.545387","0.0","0.0","0.0","33.545387","0.0","33.545387","33.545387","0.0","0.0","0.0","0.0","160.86603","0.83791214","0.0","0.0","0.0","0.0","0.0","0.0","0.0","0.0","0.0","0.0","0.0","0.0","0.0","0.0","0.83791214",""
"1204","TRLA_nyse","2013","2","3 months ending 2013-06-30","days","365.26096","2013-06-30","In Millions of USD (except for per share items)","92.620476","0.0","92.620476","12.904304","79.726395","62.378227","20.49087","0.0","0.0","3.2075188","0.0","98.98059","-6.3502207","0.0","0.0","0.0","-7.2528806","-7.6591654","0.0","0.0","-7.6591654","0.0","0.0","0.0","-7.6591654","0.0","-7.6591654","-7.6591654","0.0","0.0","0.0","0.0","73.89155","-0.65264577","0.0","0.0","0.0","0.0","0.0","0.0","0.0","0.0","0.0","0.0","0.0","0.0","0.0","0.0","-0.49264216",""
"1213","TRW_nyse","2013","2","3 months ending 2013-06-28","days","363.26505","2013-06-28","In Millions of USD (except for per share items)","16620.389","0.0","16620.389","14835.2295","1785.1589","624.1109","0.0","12.912929","0.0","130.10394","-24.737825","15579.488","1040.9001","0.0","0.0","0.0","965.4227","1026.4037","-39.78298","0.0","986.6206","0.0","0.0","0.0","986.6206","0.0","990.5332","990.5332","0.0","0.0","0.0","3.0659342","508.01828","7.776438","0.0","0.0","0.0","0.0","0.0","0.0","0.0","0.0","0.0","0.0","0.0","0.0","0.0","0.0","8.461411",""
"1222","TNP_nyse","2013","2","3 months ending 2013-06-30","days","365.26096","2013-06-30","In Millions of USD (except for per share items)","398.27203","0.0","398.27203","240.6296","157.64244","20.731585","0.0","93.19146","0.0","15.45","19.929848","389.96533","8.326595","0.0","0.0","0.066501535","-36.074028","-36.074028","0.5819102","0.0","-35.482227","0.0","0.0","0.0","-35.482227","0.0","-35.482227","-35.482227","0.0","0.0","0.0","0.0","225.5335","-0.6238467","0.0","0.3022038","0.0","0.0","0.0","0.0","0.0","0.0","0.0","0.0","0.0","0.0","0.0","0.0","-0.35384676",""
"1231","TUMI_nyse","2013","2","3 months ending 2013-06-30","days","358.2369","2013-06-30","In Millions of USD (except for per share items)","426.24573","0.0","426.24573","181.91205","244.33371","163.82918","0.0","0.0","0.0","0.0","0.0","345.74118","80.504555","0.0","0.0","0.12053743","80.114174","48.317787","0.0","0.0","48.317787","0.0","0.0","0.0","48.317787","0.0","48.317787","48.317787","0.0","0.0","0.0","0.0","252.0474","0.77826095","0.0","0.0","0.0","0.0","0.0","0.0","0.0","0.0","0.0","0.0","0.0","0.0","0.0","0.0","0.77826095",""
"1240","TUP_nyse","2013","2","13 weeks ending 2013-06-29","days","366.0","2013-06-29","In Millions of USD (except for per share items)","2669.764","0.0","2669.764","889.78467","1779.9791","1366.189","0.0","0.0","0.0","24.437365","0.0","2280.411","389.35275","0.0","0.0","-28.6","351.2791","257.54395","0.0","0.0","257.54395","0.0","0.0","0.0","257.54395","0.0","257.54395","257.54395","0.0","0.0","0.0","0.0","222.03517","4.6786814","0.0","1.9679121","0.0","0.0","0.0","0.0","0.0","0.0","0.0","0.0","0.0","0.0","0.0","0.0","4.9891205",""
"1249","TKC_nyse","2013","2","3 months ending 2013-06-30","days","365.26096","2013-06-30","In Millions of USD (except for per share items)","6153.8496","0.0","6153.8496","3813.3806","2340.469","1245.1726","0.0","0.0","0.0","0.0","69.17166","5127.7246","1026.1149","0.0","0.0","0.0","1504.8707","1184.4783","8.322728","0.0","1192.801","0.0","0.0","0.0","1192.801","0.0","1192.801","1192.801","0.0","0.0","0.0","0.0","8800.264","0.54001683","0.0","0.34","0.0","0.0","0.0","0.0","0.0","0.0","0.0","0.0","0.0","0.0","0.0","0.0","0.55023664",""
"1258","TKF_nyse","2013","-1","6 months ending 2013-04-30","days","365.25","2013-04-30","In Millions of USD (except for per share items)","0.0","3.3593442","3.3593442","0.0","0.0","1.3498908","0.0","0.0","0.0","0.0","0.01010929","1.3498908","1.9894536","0.0","37.817596","0.0","39.81694","39.81694","0.0","0.0","39.81694","0.0","0.0","0.0","39.81694","0.0","39.81694","39.81694","0.0","0.0","0.0","0.0","11.108416","7.1696715","0.0","0.22748634","0.0","0.0","0.0","0.0","0.0","0.0","0.0","0.0","0.0","0.0","0.0","0.0","0.36021858",""
"1267","TRQ_nyse","2013","2","3 months ending 2013-06-30","days","365.26096","2013-06-30","In Millions of USD (except for per share items)","155.82962","0.0","155.82962","287.98776","-132.16833","74.85252","214.83429","3.2553227","0.0","50.648823","96.1574","730.03046","-574.1909","0.0","0.0","-6.2707105","-370.01614","-415.00977","210.18341","-15.046857","-219.88344","0.0","0.0","0.0","-219.88344","0.0","-219.88344","-219.88344","0.0","0.0","0.0","0.0","3941.7603","-0.20572332","0.0","0.0","0.0","0.0","0.0","0.0","0.0","0.0","0.0","0.0","0.0","0.0","0.0","0.0","-0.16550231",""
"1276","TPC_nyse","2013","2","3 months ending 2013-06-30","days","365.26096","2013-06-30","In Millions of USD (except for per share items)","4261.392","0.0","4261.392","3812.879","448.5028","257.17697","0.0","0.0","0.0","0.0","0.0","4070.056","191.32608","0.0","0.0","-4.63354","141.7946","115.10511","0.0","0.0","115.10511","0.0","0.0","0.0","115.10511","0.0","115.10511","115.10511","0.0","0.0","0.0","0.0","193.00848","2.3924553","0.0","0.0","0.0","0.0","0.0","0.0","0.0","0.0","0.0","0.0","0.0","0.0","0.0","0.0","2.3924553",""
"1285","TWO_nyse","2013","2","3 months ending 2013-06-30","days","365.26096","2013-06-30","In Millions of USD (except for per share items)","543.5142","0.0","543.5142","93.59511","449.9191","36.176647","0.0","0.0","0.0","3.864056","26.161402","-227.96837","771.48267","0.0","0.0","0.0","771.48267","736.2059","0.0","0.0","736.2059","0.0","0.0","0.0","743.23083","0.0","736.2059","743.23083","0.0","0.0","0.0","0.0","1238.7894","2.2258055","0.0","1.5410268","0.0","0.0","0.0","0.0","0.0","0.0","0.0","0.0","0.0","0.0","0.0","0.0","2.2358053",""
"1294","TYC_nyse","2013","2","3 months ending 2013-06-28","days","366.2589","2013-06-28","In Millions of USD (except for per share items)","10645.071","0.0","10645.071","6783.5737","3861.497","2933.1716","0.0","0.0","0.0","226.66774","0.0","9943.414","701.65765","0.0","0.0","-492.8413","119.42509","-253.85066","-0.010928988","-25.088272","-278.94986","0.0","0.0","0.0","-59.33996","0.0","-278.94986","-59.33996","0.0","0.0","0.0","0.0","1884.9899","-0.6122945","0.0","0.6215481","0.0","0.0","0.0","0.0","0.0","0.0","0.0","0.0","0.0","0.0","0.0","0.0","-0.24696393",""
"1303","TYL_nyse","2013","2","3 months ending 2013-06-30","days","365.26096","2013-06-30","In Millions of USD (except for per share items)","387.98874","0.0","387.98874","207.5244","180.45447","91.229126","20.801552","4.4494762","0.0","0.0","0.0","324.01477","63.98421","0.0","0.0","-1.3298186","62.10252","37.796326","0.0","0.0","37.796326","0.0","0.0","0.0","37.796326","0.0","37.796326","37.796326","0.0","0.0","0.0","0.0","134.62927","1.121679","0.0","0.0","0.0","0.0","0.0","0.0","0.0","0.0","0.0","0.0","0.0","0.0","0.0","0.0","1.121679",""
"1312","TSN_nyse","2013","2","13 weeks ending 2013-06-29","days","366.0","2013-06-29","In Millions of USD (except for per share items)","34037.023","0.0","34037.023","31765.494","2271.5276","973.2308","0.0","0.0","0.0","0.0","0.0","32738.725","1298.2968","0.0","0.0","20.43956","1181.6154","773.978","2.087912","0.0","776.0659","0.0","0.0","0.0","706.0659","0.0","776.0659","706.0659","0.0","0.0","0.0","0.0","1106.456","2.121209","0.0","0.3008791","0.0","0.0","0.0","0.0","0.0","0.0","0.0","0.0","0.0","0.0","0.0","0.0","2.121209",""
"1321","USB_nyse","2013","2","3 months ending 2013-06-30","days","365.26096","2013-06-30","In Millions of USD (except for per share items)","0.0","0.0","0.0","0.0","0.0","0.0","0.0","0.0","0.0","0.0","0.0","0.0","0.0","0.0","0.0","0.0","7871.686","5638.5327","168.03783","0.0","5806.5703","0.0","0.0","0.0","5806.5703","0.0","5516.66","5516.66","0.0","0.0","0.0","0.0","7498.0366","2.9499798","0.0","0.8296961","0.0","0.0","0.0","0.0","0.0","0.0","0.0","0.0","0.0","0.0","0.0","0.0","2.9601996",""
"1330","USPH_nyse","2013","2","3 months ending 2013-06-30","days","365.26096","2013-06-30","In Millions of USD (except for per share items)","255.81708","0.0","255.81708","189.5161","66.32085","29.990597","0.0","0.0","0.0","0.17989191","0.0","219.65648","36.160583","0.0","0.0","0.0","35.660343","25.066605","-7.8307004","0.0","17.235903","0.0","0.0","0.0","17.235903","0.0","17.235903","17.235903","0.0","0.0","0.0","0.0","48.028923","1.4404829","0.0","0.7797923","0.0","0.0","0.0","0.0","0.0","0.0","0.0","0.0","0.0","0.0","0.0","0.0","1.4404829",""
"1339","SLCA_nyse","2013","2","3 months ending 2013-06-30","days","365.26096","2013-06-30","In Millions of USD (except for per share items)","486.67142","0.0","486.67142","295.25125","191.42012","44.146736","0.0","30.263557","0.0","0.0","0.0","369.66156","117.00985","0.0","0.0","4.465725","107.790085","78.06368","0.0","0.0","78.06368","0.0","0.0","0.0","78.06368","0.0","78.02412","78.02412","0.0","0.0","0.0","0.0","212.37892","1.4702618","0.0","0.0","0.0","0.0","0.0","0.0","0.0","0.0","0.0","0.0","0.0","0.0","0.0","0.0","1.469934",""
"1348","UBS_nyse","2013","2","3 months ending 2013-06-30","days","365.26096","2013-06-30","In Millions of CHF (except for per share items)","0.0","0.0","0.0","0.0","0.0","0.0","0.0","0.0","0.0","0.0","0.0","0.0","0.0","0.0","0.0","0.0","-1967.2694","-2257.3154","-4.00012","0.0","-2261.3154","0.0","0.0","0.0","-2261.3154","0.0","-2261.3154","-2261.3154","0.0","0.0","0.0","-0.989071","15170.251","-0.6181024","0.0","0.15","0.0","0.0","0.0","0.0","0.0","0.0","0.0","0.0","0.0","0.0","0.0","0.0","0.93400586",""
"1357","UGI_nyse","2013","2","3 months ending 2013-06-30","days","365.26096","2013-06-30","In Millions of USD (except for per share items)","7040.315","0.0","7040.315","4209.2344","0.0","1696.8821","0.0","354.5822","0.0","0.0","-20.660925","6240.037","800.2774","0.0","0.0","0.0","561.7835","402.77365","-130.63605","0.0","272.13754","0.0","0.0","0.0","272.13754","0.0","272.13754","272.13754","0.0","0.0","0.0","0.0","458.71167","2.3694377","0.0","1.0899231","0.0","0.0","0.0","0.0","0.0","0.0","0.0","0.0","0.0","0.0","0.0","0.0","2.3694377",""
"1366","UIL_nyse","2013","2","3 months ending 2013-06-30","days","365.26096","2013-06-30","In Millions of USD (except for per share items)","1609.4102","0.0","1609.4102","148.41676","0.0","0.0","0.0","187.49036","0.0","0.0","207.18344","1363.9843","245.42586","0.0","0.0","2.9058056","189.31664","113.94464","0.0","0.0","113.94464","0.0","0.0","0.0","113.94464","0.0","113.724724","113.724724","0.0","0.0","0.0","0.0","205.33284","2.2119498","0.0","1.7200516","0.0","0.0","0.0","0.0","0.0","0.0","0.0","0.0","0.0","0.0","0.0","0.0","2.2119498",""
"1375","UPL_nyse","2013","2","3 months ending 2013-06-30","days","365.26096","2013-06-30","In Millions of USD (except for per share items)","899.57355","0.0","899.57355","195.4274","704.116","107.41406","0.0","283.67532","0.0","1116.667","0.0","1703.1837","-803.65015","0.0","0.0","-192.67232","-944.2828","-956.0556","0.0","0.0","-956.0556","0.0","0.0","0.0","-956.0556","0.0","-956.0556","-956.0556","0.0","0.0","0.0","0.0","614.81433","-6.2659926","0.0","0.0","0.0","0.0","0.0","0.0","0.0","0.0","0.0","0.0","0.0","0.0","0.0","0.0","-1.519289",""
"1384","UGP_nyse","2013","2","3 months ending 2013-06-30","days","365.26096","2013-06-30","In Millions of BRL (except for per share items)","57269.49","0.0","57269.49","52838.434","4431.0615","2641.7842","0.0","0.0","0.0","-22.595058","-90.13421","55367.492","1901.9863","0.0","0.0","-3.1246958","1630.8387","1123.2357","-7.299869","0.0","1115.9358","0.0","0.0","0.0","1115.9358","0.0","1115.9358","1115.9358","0.0","0.0","0.0","0.0","2138.287","2.0908287","0.0","1.17","0.0","0.0","0.0","0.0","0.0","0.0","0.0","0.0","0.0","0.0","0.0","0.0","2.0511565",""
"1393","UMH_nyse","2013","2","3 months ending 2013-06-30","days","365.26096","2013-06-30","In Millions of USD (except for per share items)","54.27518","0.0","54.27518","31.11373","23.16145","7.788141","0.0","9.443401","0.0","1.4511505","0.0","49.94796","4.327219","0.0","-0.08956404","0.20978743","8.447928","8.447928","0.0","0.0","8.447928","0.0","0.0","0.0","8.447928","0.0","1.5717677","1.5717677","0.0","0.0","0.0","0.0","69.001816","0.0989083","0.0","0.7200216","0.0","0.0","0.0","0.0","0.0","0.0","0.0","0.0","0.0","0.0","0.0","0.0","0.16913049",""
"1402","UA_nyse","2013","2","3 months ending 2013-06-30","days","365.26096","2013-06-30","In Millions of USD (except for per share items)","2009.7299","0.0","2009.7299","1037.5345","972.20544","752.3264","0.0","0.0","0.0","0.0","0.0","1789.8608","219.869","0.0","0.0","0.1","214.70154","133.8124","0.0","0.0","133.8124","0.0","0.0","0.0","133.8124","0.0","133.51997","133.51997","0.0","0.0","0.0","0.0","428.68015","1.2493545","0.0","0.0","0.0","0.0","0.0","0.0","0.0","0.0","0.0","0.0","0.0","0.0","0.0","0.0","1.2493545",""
"1411","UFI_nyse","2013","2","14 weeks ending 2013-06-30","days","366.0","2013-06-30","In Millions of USD (except for per share items)","704.45996","0.0","704.45996","632.3501","72.10989","46.3167","0.0","0.0","0.0","2.1357143","2.6654944","683.4364","21.033627","0.0","0.0","0.0","28.719343","15.556813","0.94681317","0.0","16.514175","0.0","0.0","0.0","16.514175","0.0","16.514175","16.514175","0.0","0.0","0.0","0.0","82.70088","0.76395607","0.0","0.0","0.0","0.0","0.0","0.0","0.0","0.0","0.0","0.0","0.0","0.0","0.0","0.0","0.82340664",""
"1420","UNF_nyse","2013","-1","13 weeks ending 2013-05-25","days","366.0","2013-05-25","In Millions of USD (except for per share items)","1321.8752","0.0","1321.8752","821.3523","500.54318","257.61877","0.0","68.24967","0.0","0.0","0.0","1147.2208","174.67471","0.0","0.0","0.0","175.76022","109.145164","0.0","0.0","109.145164","0.0","0.0","0.0","109.145164","0.0","107.29637","107.29637","0.0","0.0","0.0","0.090439565","79.35209","5.4548354","0.0","0.16087912","0.0","0.0","0.0","0.0","0.0","0.0","0.0","0.0","0.0","0.0","0.0","0.0","5.4548354",""
"1429","UN_nyse","2013","2","6 months ending 2013-06-30","days","365.25","2013-06-30","In Millions of EUR (except for per share items)","51430.656","0.0","51430.656","0.0","0.0","0.0","0.0","0.0","0.0","0.0","43982.285","43982.285","7448.372","0.0","0.0","0.0","7067.2896","5193.153","-466.5738","0.0","4726.579","0.0","0.0","0.0","4726.579","0.0","4726.579","4726.579","0.0","0.0","0.0","0.0","5840.484","1.6195629","0.0","1.0193443","0.0","0.0","0.0","0.0","0.0","0.0","0.0","0.0","0.0","0.0","0.0","0.0","1.4813114",""
"1436","UL_nyse","2013","2","6 months ending 2013-06-30","days","365.25","2013-06-30","In Millions of EUR (except for per share items)","51430.656","0.0","51430.656","0.0","0.0","0.0","0.0","0.0","0.0","347.92896","43634.355","43982.285","7448.372","0.0","0.0","0.0","7067.2896","5193.153","-466.5738","0.0","4726.579","0.0","0.0","0.0","4726.579","0.0","4726.579","4726.579","0.0","0.0","0.0","0.0","5840.484","1.6195629","0.0","0.72284156","0.0","0.0","0.0","0.0","0.0","0.0","0.0","0.0","0.0","0.0","0.0","0.0","1.7881422",""
"1443","UNP_nyse","2013","2","3 months ending 2013-06-30","days","365.26096","2013-06-30","In Millions of USD (except for per share items)","21352.832","0.0","21352.832","5779.5044","15573.328","5940.741","0.0","1772.2942","0.0","4.989071","837.412","14334.941","7017.8926","0.0","21.198042","115.69591","6630.649","4141.3545","0.0","0.0","4141.3545","0.0","0.0","0.0","4141.3545","0.0","4141.3545","4141.3545","0.0","0.0","0.0","0.0","1885.6915","8.780045","0.0","2.6681051","0.0","0.0","0.0","0.0","0.0","0.0","0.0","0.0","0.0","0.0","0.0","0.0","8.769824",""
"1452","UIS_nyse","2013","2","3 months ending 2013-06-30","days","365.26096","2013-06-30","In Millions of USD (except for per share items)","3526.2483","0.0","3526.2483","2659.3948","866.8536","576.40845","74.13285","0.0","0.0","0.0","0.0","3309.936","216.31227","0.0","0.0","-19.967579","180.6312","83.09447","-11.120069","0.0","71.9744","0.0","0.0","0.0","71.9744","0.0","55.775013","55.775013","0.0","0.0","0.0","11.96","188.3619","1.0772341","0.0","0.0","0.0","0.0","0.0","0.0","0.0","0.0","0.0","0.0","0.0","0.0","0.0","0.0","1.4247066",""
"1461","UNT_nyse","2013","2","3 months ending 2013-06-30","days","365.26096","2013-06-30","In Millions of USD (except for per share items)","1312.1907","0.0","1312.1907","643.6061","668.58453","36.034733","0.0","312.06357","0.0","164.9523","0.0","1156.6567","155.53386","0.0","0.0","-0.6233111","146.50159","89.199585","0.0","0.0","89.199585","0.0","0.0","0.0","89.199585","0.0","89.199585","89.199585","0.0","0.0","0.0","0.0","194.13275","1.8184747","0.0","0.0","0.0","0.0","0.0","0.0","0.0","0.0","0.0","0.0","0.0","0.0","0.0","0.0","4.039021",""
"1470","UAL_nyse","2013","2","3 months ending 2013-06-30","days","365.26096","2013-06-30","In Millions of USD (except for per share items)","37346.17","0.0","37346.17","29490.303","7855.867","0.0","0.0","1596.226","0.0","1080.723","4939.053","37106.3","239.86554","0.0","0.0","-45.15799","-572.1622","-562.4364","0.0","0.0","-562.4364","0.0","0.0","0.0","-562.4364","0.0","-561.4364","-561.4364","0.0","0.0","0.0","10.879782","1396.2858","-1.8494512","0.0","0.0","0.0","0.0","0.0","0.0","0.0","0.0","0.0","0.0","0.0","0.0","0.0","0.0","0.27913895",""
"1479","UDR_nyse","2013","2","3 months ending 2013-06-30","days","365.26096","2013-06-30","In Millions of USD (except for per share items)","737.0394","14.692897","751.7424","262.6395","474.4198","37.42995","0.0","344.8053","0.0","5.38229","0.0","777.85925","-26.10701","0.0","0.0","0.0","-26.10701","-16.852774","1.2055972","0.0","-15.667397","0.0","0.0","0.0","-16.662231","0.0","-19.387508","-20.382341","0.0","0.0","0.0","0.0","1000.97156","-0.0710977","0.0","0.8998079","0.0","0.0","0.0","0.0","0.0","0.0","0.0","0.0","0.0","0.0","0.0","0.0","-0.060659338",""
"1488","UMC_nyse","2013","2","3 months ending 2013-06-30","days","366.58667","2013-06-30","In Millions of TWD (except for per share items)","119724.91","0.0","119724.91","98748.266","20976.64","6651.558","10666.73","0.0","0.0","1949.4973","31.65706","118354.48","1370.4315","0.0","441.53278","8229.575","13756.421","11298.275","1416.4075","0.0","12714.689","0.0","0.0","0.0","12714.689","0.0","12714.689","12714.689","0.0","0.0","0.0","0.0","35500.676","0.9489541","0.0","0.27153283","0.0","0.0","0.0","0.0","0.0","0.0","0.0","0.0","0.0","0.0","0.0","0.0","1.030414",""
"1497","UPS_nyse","2013","2","3 months ending 2013-06-30","days","365.26096","2013-06-30","In Millions of USD (except for per share items)","54575.836","0.0","54575.836","46187.445","8388.391","929.61115","0.0","1879.9246","0.0","0.0","4295.2925","53289.31","1286.5293","0.0","0.0","0.0","905.54","816.26935","0.0","0.0","816.26935","0.0","0.0","0.0","816.26935","0.0","816.26935","816.26935","0.0","0.0","0.0","0.0","3837.4226","0.83650565","0.0","2.3789754","0.0","0.0","0.0","0.0","0.0","0.0","0.0","0.0","0.0","0.0","0.0","0.0","0.83650565",""
"1506","URI_nyse","2013","2","3 months ending 2013-06-30","days","365.26096","2013-06-30","In Millions of USD (except for per share items)","4775.589","0.0","4775.589","2917.8452","1857.7437","652.1945","0.0","261.18338","0.0","86.8473","0.0","3918.0706","857.5185","0.0","0.0","0.989071","294.30637","218.46779","0.0","0.0","218.46779","0.0","0.0","0.0","218.46779","0.0","218.48976","218.48976","0.0","0.0","0.0","0.0","433.00467","2.0346742","0.0","0.0","0.0","0.0","0.0","0.0","0.0","0.0","0.0","0.0","0.0","0.0","0.0","0.0","2.6312747",""
"1515","USM_nyse","2013","2","3 months ending 2013-06-30","days","365.26096","2013-06-30","In Millions of USD (except for per share items)","4334.8145","0.0","4334.8145","1896.3999","2438.4045","1712.4803","0.0","705.71136","0.0","-186.28311","0.0","4128.309","206.4962","0.0","18.337488","0.6431934","297.33145","166.44882","-23.150587","0.0","143.28836","0.0","0.0","0.0","143.28836","0.0","143.28836","143.28836","0.0","0.0","0.0","0.0","338.80377","1.690105","0.0","0.0","0.0","0.0","0.0","0.0","0.0","0.0","0.0","0.0","0.0","0.0","0.0","0.0","0.42902184",""
"1524","X_nyse","2013","2","3 months ending 2013-06-30","days","365.26096","2013-06-30","In Millions of USD (except for per share items)","18166.62","0.0","18166.62","16886.426","1280.194","604.4134","0.0","674.8556","0.0","-13.021978","-3.0766227","18067.594","99.02384","0.0","0.0","0.0","-181.08539","-155.3827","1.0","0.0","-154.3827","0.0","0.0","0.0","-154.3827","0.0","-154.3827","-154.3827","0.0","0.0","0.0","5.10989","605.47626","-1.0921509","0.0","0.20000601","0.0","0.0","0.0","0.0","0.0","0.0","0.0","0.0","0.0","0.0","0.0","0.0","-1.14248",""
"1533","UTX_nyse","2013","2","3 months ending 2013-06-30","days","365.26096","2013-06-30","In Millions of USD (except for per share items)","61888.297","0.0","61888.297","45307.2","16581.098","6776.8174","2542.404","0.0","0.0","0.0","-1038.6592","53587.76","8300.535","0.0","0.0","0.0","7371.7383","5371.7188","-368.15338","0.0","5003.565","0.0","0.0","0.0","6298.214","0.0","5003.565","6298.214","0.0","0.0","0.0","0.0","3645.7097","5.486339","0.0","2.160065","0.0","0.0","0.0","0.0","0.0","0.0","0.0","0.0","0.0","0.0","0.0","0.0","5.6183176",""
"1542","UNH_nyse","2013","2","3 months ending 2013-06-30","days","365.26096","2013-06-30","In Millions of USD (except for per share items)","0.0","0.0","116755.13","0.0","0.0","18559.842","0.0","1362.5791","0.0","0.0","0.0","107496.38","9258.745","0.0","0.0","0.0","8574.142","5481.9736","-47.47541","0.0","5434.4985","0.0","0.0","0.0","5434.4985","0.0","5434.4985","5434.4985","0.0","0.0","0.0","0.0","4131.376","5.264989","0.0","0.90926015","0.0","0.0","0.0","0.0","0.0","0.0","0.0","0.0","0.0","0.0","0.0","0.0","5.264989",""
"1551","UTL_nyse","2013","2","3 months ending 2013-06-30","days","365.26096","2013-06-30","In Millions of USD (except for per share items)","348.44824","5.8012733","354.24954","184.84541","0.0","0.0","0.0","36.692326","0.0","0.0","14.196049","304.12823","50.121365","0.0","0.0","-0.30001202","32.025196","20.09405","0.0","0.0","20.09405","0.0","0.0","0.0","20.09405","0.0","20.09405","20.09405","0.0","0.0","0.0","0.0","54.950554","1.4723545","0.0","1.7062157","0.0","0.0","0.0","0.0","0.0","0.0","0.0","0.0","0.0","0.0","0.0","0.0","1.4723545",""
"1560","UAM_nyse","2013","2","3 months ending 2013-06-30","days","365.26096","2013-06-30","In Millions of USD (except for per share items)","0.0","0.0","2201.004","0.0","0.0","0.0","0.0","8.940268","0.0","90.73737","425.34833","2209.4316","-8.427876","0.0","0.0","0.0","-35.67979","-49.084675","0.0","0.0","-49.084675","0.0","0.0","0.0","-49.084675","0.0","-49.084675","-49.084675","0.0","0.0","0.0","0.0","350.68875","-0.5567568","0.0","1.0","0.0","0.0","0.0","0.0","0.0","0.0","0.0","0.0","0.0","0.0","0.0","0.0","0.18603133",""
"1569","UVV_nyse","2013","2","3 months ending 2013-06-30","days","365.26096","2013-06-30","In Millions of USD (except for per share items)","2436.891","0.0","2436.891","1993.9564","442.94464","254.4217","0.0","0.0","0.0","4.1963997","-80.72798","2169.9795","266.9118","0.0","0.0","0.0","252.19412","169.80254","-1.7203199","0.0","168.062","0.0","0.0","0.0","168.062","0.0","153.22154","153.22154","0.0","0.0","0.0","14.8404455","113.98386","5.904464","0.0","1.9898403","0.0","0.0","0.0","0.0","0.0","0.0","0.0","0.0","0.0","0.0","0.0","0.0","6.016552",""
"1578","UHT_nyse","2013","2","3 months ending 2013-06-30","days","365.26096","2013-06-30","In Millions of USD (except for per share items)","54.309887","0.0","54.309887","0.0","0.0","2.3680987","0.0","19.531452","0.0","-1.15","14.317697","40.45368","13.8660965","0.0","0.0","0.0","13.8660965","13.8660965","0.0","0.0","13.8660965","0.0","0.0","0.0","13.8660965","0.0","13.8660965","13.8660965","0.0","0.0","0.0","0.0","50.741306","1.0998102","0.0","2.4698546","0.0","0.0","0.0","0.0","0.0","0.0","0.0","0.0","0.0","0.0","0.0","0.0","1.0098103",""
"1587","UHS_nyse","2013","2","3 months ending 2013-06-30","days","365.26096","2013-06-30","In Millions of USD (except for per share items)","7108.739","0.0","7108.739","96.18336","7012.555","4315.5176","0.0","319.06802","0.0","35.531097","1353.5297","6119.829","988.9091","0.0","0.0","0.0","824.27985","525.3043","-47.794758","0.0","477.50992","0.0","0.0","0.0","477.50992","0.0","477.1496","477.1496","0.0","0.0","0.0","0.0","392.9837","4.846099","0.0","0.24945955","0.0","0.0","0.0","0.0","0.0","0.0","0.0","0.0","0.0","0.0","0.0","0.0","5.080494",""
"1596","UTI_nyse","2013","2","3 months ending 2013-06-30","days","365.26096","2013-06-30","In Millions of USD (except for per share items)","385.9428","0.0","385.9428","203.59268","182.35014","169.43277","0.0","5.003329","0.0","1.0879781","0.0","379.1072","6.8456254","0.0","0.0","0.63002044","7.756314","4.5921607","0.0","0.0","4.5921607","0.0","0.0","0.0","4.5921607","0.0","4.5921607","4.5921607","0.0","0.0","0.0","0.0","98.81437","0.17164655","0.0","0.40001202","0.0","0.0","0.0","0.0","0.0","0.0","0.0","0.0","0.0","0.0","0.0","0.0","0.30384555",""
"1605","UNS_nyse","2013","2","3 months ending 2013-06-30","days","364.751","2013-06-30","In Millions of USD (except for per share items)","1320.0161","123.58934","1443.6055","249.19081","0.0","0.0","0.0","178.30875","0.0","0.0","68.368904","1212.4259","231.18451","0.0","0.0","-0.9745354","131.77307","92.068245","0.0","0.0","92.068245","0.0","0.0","0.0","92.068245","0.0","92.068245","92.068245","0.0","0.0","0.0","0.5590164","147.60219","2.1522405","0.0","1.7176503","0.0","0.0","0.0","0.0","0.0","0.0","0.0","0.0","0.0","0.0","0.0","0.0","2.1522405",""
"1614","UNM_nyse","2013","2","3 months ending 2013-06-30","days","365.26096","2013-06-30","In Millions of USD (except for per share items)","0.0","0.0","10513.535","0.0","0.0","776.82025","0.0","0.0","0.0","0.0","785.98004","9254.818","1258.7172","0.0","0.0","0.0","1258.7172","895.6468","0.0","0.0","895.6468","0.0","0.0","0.0","895.6468","0.0","895.6468","895.6468","0.0","0.0","0.0","0.0","1089.4612","3.2906458","0.0","0.5200156","0.0","0.0","0.0","0.0","0.0","0.0","0.0","0.0","0.0","0.0","0.0","0.0","3.2906458",""
"1623","URS_nyse","2013","2","13 weeks ending 2013-06-28","days","366.0","2013-06-28","In Millions of USD (except for per share items)","11579.583","0.0","11579.583","10917.212","662.3703","90.2967","0.0","0.0","0.0","-0.8175824","0.0","10902.107","677.47473","0.0","0.0","1.6373632","595.8615","412.5088","-93.663734","0.0","318.84506","0.0","0.0","0.0","318.84506","0.0","318.84506","318.84506","0.0","0.0","0.0","0.04","299.73956","4.2814283","0.0","0.8243956","0.0","0.0","0.0","0.0","0.0","0.0","0.0","0.0","0.0","0.0","0.0","0.0","4.271209",""
"1632","UBA_nyse","2013","-1","3 months ending 2013-07-31","days","366.25708","2013-07-31","In Millions of USD (except for per share items)","91.40904","2.071415","93.49068","32.518394","58.89065","8.469134","0.0","17.165411","0.0","0.81700736","0.0","58.96024","34.53044","0.0","0.0","0.0","29.12901","29.12901","-0.6318012","0.0","28.486988","0.0","0.0","0.0","29.483341","0.0","7.224178","8.210565","0.0","0.0","0.0","0.0","96.25978","0.22047846","0.0","1.0027573","0.0","0.0","0.0","0.0","0.0","0.0","0.0","0.0","0.0","0.0","0.0","0.0","0.25036898",""
"1641","UBP_nyse","2013","-1","3 months ending 2013-07-31","days","366.25708","2013-07-31","In Millions of USD (except for per share items)","91.40904","2.071415","93.49068","32.518394","58.89065","8.469134","0.0","17.165411","0.0","0.81700736","0.0","58.96024","34.53044","0.0","0.0","0.0","29.12901","29.12901","-0.6318012","0.0","28.486988","0.0","0.0","0.0","29.483341","0.0","7.224178","8.210565","0.0","0.0","0.0","0.0","96.25978","0.22047846","0.0","1.0027573","0.0","0.0","0.0","0.0","0.0","0.0","0.0","0.0","0.0","0.0","0.0","0.0","0.25036898",""
"1650","LCC_nyse","2013","2","3 months ending 2013-06-30","days","365.26096","2013-06-30","In Millions of USD (except for per share items)","14054.469","0.0","14054.469","6583.649","7470.819","4877.975","0.0","290.8224","0.0","86.59731","1238.9166","13077.96","976.5076","0.0","0.0","51.6146","681.0569","614.76715","0.0","0.0","614.76715","0.0","0.0","0.0","614.76715","0.0","614.76715","614.76715","0.0","0.0","0.0","20.26211","824.75464","3.079657","0.0","0.0","0.0","0.0","0.0","0.0","0.0","0.0","0.0","0.0","0.0","0.0","0.0","0.0","3.4478061",""
"1659","USAC_nyse","2013","2","3 months ending 2013-06-30","days","365.26096","2013-06-30","In Millions of USD (except for per share items)","128.66144","0.0","128.66144","40.190353","88.47107","20.275024","0.0","46.049564","0.0","0.160006","0.0","106.69505","21.98648","0.0","0.0","0.01021978","7.3748083","7.1652403","0.0","0.0","7.1652403","0.0","0.0","0.0","7.1652403","0.0","7.026224","7.026224","0.0","0.0","0.0","0.0","57.90022","0.15825136","0.0","0.34617487","0.0","0.0","0.0","0.0","0.0","0.0","0.0","0.0","0.0","0.0","0.0","0.0","0.15825136",""
"1668","USNA_nyse","2013","2","3 months ending 2013-06-29","days","366.2589","2013-06-29","In Millions of USD (except for per share items)","693.6028","0.0","693.6028","123.00709","570.5856","455.23062","0.0","0.0","0.0","0.0","0.0","578.2277","115.35491","0.0","0.0","-0.03418362","115.601395","78.084946","0.0","0.0","78.084946","0.0","0.0","0.0","78.084946","0.0","78.084946","78.084946","0.0","0.0","0.0","0.0","57.484028","5.4695406","0.0","0.0","0.0","0.0","0.0","0.0","0.0","0.0","0.0","0.0","0.0","0.0","0.0","0.0","5.4695406",""
"1677","USU_nyse","2013","2","3 months ending 2013-06-30","days","365.26096","2013-06-30","In Millions of USD (except for per share items)","1602.9242","0.0","1602.9242","1548.4329","54.49139","51.210278","1296.8383","0.0","0.0","8.7663","-170.1954","2735.0522","-1132.128","0.0","0.0","0.0","-1177.6514","-1143.5952","0.0","0.0","-1143.5952","0.0","0.0","0.0","-1122.1323","0.0","-1143.5952","-1122.1323","0.0","0.0","0.0","0.0","19.58037","-235.36595","0.0","0.0","0.0","0.0","0.0","0.0","0.0","0.0","0.0","0.0","0.0","0.0","0.0","0.0","-234.21031",""
"1686","USG_nyse","2013","2","3 months ending 2013-06-30","days","365.26096","2013-06-30","In Millions of USD (except for per share items)","3372.2905","0.0","3372.2905","2906.9666","465.32422","302.99796","0.0","0.0","0.0","19.033146","0.0","3228.9976","143.29309","0.0","0.0","0.011049034","-54.701736","-67.95442","-1.0","0.0","-68.95442","0.0","0.0","0.0","-15.932445","0.0","-68.95442","-15.932445","0.0","0.0","0.0","-0.5637705","437.4796","-0.64877677","0.0","0.0","0.0","0.0","0.0","0.0","0.0","0.0","0.0","0.0","0.0","0.0","0.0","0.0","-0.5285558",""
"1695","VFC_nyse","2013","2","13 weeks ending 2013-06-29","days","366.0","2013-06-29","In Millions of USD (except for per share items)","11083.085","0.0","11083.085","5809.121","5273.964","3715.9238","0.0","0.0","0.0","0.0","0.0","9525.044","1558.0398","0.0","0.0","-0.87549424","1473.8643","1132.5605","0.0","0.0","1132.5605","0.0","0.0","0.0","1132.5605","0.0","1132.5605","1132.5605","0.0","0.0","0.0","0.0","449.5403","10.135165","0.0","3.3458242","0.0","0.0","0.0","0.0","0.0","0.0","0.0","0.0","0.0","0.0","0.0","0.0","10.277364",""
"1704","EGY_nyse","2013","2","3 months ending 2013-06-30","days","365.26096","2013-06-30","In Millions of USD (except for per share items)","164.46637","0.0","164.46637","30.012354","134.43425","13.5249405","46.991833","15.149656","0.0","7.7874722","0.0","113.45637","51.00012","0.0","0.0","-0.25967574","50.850998","-3.325405","-1.3387911","0.0","-4.653976","0.0","0.0","0.0","-4.653976","0.0","-4.653976","-4.653976","0.0","0.0","0.0","0.0","234.0444","-0.092622966","0.0","0.0","0.0","0.0","0.0","0.0","0.0","0.0","0.0","0.0","0.0","0.0","0.0","0.0","-6.4493995E-4",""
"1713","MTN_nyse","2013","-1","3 months ending 2013-04-30","days","365.25","2013-04-30","In Millions of USD (except for per share items)","1114.2025","0.0","1114.2025","887.3032","226.90955","0.0","0.0","131.13945","0.0","1.0926373","0.0","1019.5349","94.66767","0.0","0.0","0.0","62.189545","40.372303","0.11956044","0.0","40.481647","0.0","0.0","0.0","40.481647","0.0","40.481647","40.481647","0.0","0.0","0.0","0.0","145.0211","1.0185716","0.0","0.77956045","0.0","0.0","0.0","0.0","0.0","0.0","0.0","0.0","0.0","0.0","0.0","0.0","1.0387912",""
"1722","VCI_nyse","2013","2","3 months ending 2013-06-30","days","365.26096","2013-06-30","In Millions of USD (except for per share items)","2082.4895","0.0","2082.4895","1543.4268","539.05286","310.0987","0.0","14.949898","0.0","0.0","0.0","1868.4852","214.01451","0.0","0.0","0.16445085","184.32828","119.59786","0.0","0.0","119.59786","0.0","0.0","0.0","119.59786","0.0","118.776924","118.776924","0.0","0.0","0.0","0.0","159.8166","2.976447","0.0","0.613224","0.0","0.0","0.0","0.0","0.0","0.0","0.0","0.0","0.0","0.0","0.0","0.0","2.976447",""
"1731","VALE_nyse","2013","2","3 months ending 2013-06-30","days","365.26096","2013-06-30","In Millions of USD (except for per share items)","46709.637","0.0","46709.637","26833.158","19876.482","2531.6687","1158.2618","93.96175","0.0","4137.0","2774.1997","37528.25","9181.389","0.0","0.0","141.43716","4271.7314","3729.877","221.80766","242.38461","4194.069","0.0","0.0","0.0","2553.0693","0.0","4194.069","2553.0693","0.0","0.0","0.0","0.0","20566.43","0.7996013","0.0","1.5851912","0.0","0.0","0.0","0.0","0.0","0.0","0.0","0.0","0.0","0.0","0.0","0.0","1.3296014",""
"1740","VALE/P_nyse","2013","2","3 months ending 2013-06-30","days","365.26096","2013-06-30","In Millions of USD (except for per share items)","46709.637","0.0","46709.637","26833.158","19876.482","2531.6687","1158.2618","93.96175","0.0","4137.0","2774.1997","37528.25","9181.389","0.0","0.0","141.43716","4271.7314","3729.877","221.80766","242.38461","4194.069","0.0","0.0","0.0","2553.0693","0.0","4194.069","2553.0693","0.0","0.0","0.0","0.0","20566.43","0.7996013","0.0","1.5851912","0.0","0.0","0.0","0.0","0.0","0.0","0.0","0.0","0.0","0.0","0.0","0.0","1.3296014",""
"1749","VRX_nyse","2013","2","3 months ending 2013-06-30","days","365.26096","2013-06-30","In Millions of USD (except for per share items)","4030.33","0.0","4030.33","1113.4052","2916.915","891.3198","87.49377","1145.3726","0.0","646.18365","0.0","3883.7551","146.57478","0.0","0.0","0.0","-460.0441","-97.810005","0.0","0.0","-97.810005","0.0","0.0","0.0","-97.810005","0.0","-97.810005","-97.810005","0.0","0.0","0.0","0.0","1237.1532","-0.3289047","0.0","0.0","0.0","0.0","0.0","0.0","0.0","0.0","0.0","0.0","0.0","0.0","0.0","0.0","1.2604558",""
"1758","VLO_nyse","2013","2","3 months ending 2013-06-30","days","365.26096","2013-06-30","In Millions of USD (except for per share items)","136954.42","0.0","136954.42","124828.31","12126.109","771.3542","0.0","1638.7095","0.0","410.58243","4535.1206","132184.06","4770.343","0.0","0.0","32.68282","4502.247","2801.5837","4.989191","0.0","2806.5728","0.0","0.0","0.0","2806.5728","0.0","2804.5618","2804.5618","0.0","0.0","0.0","0.0","2222.1543","5.034517","0.0","0.7393647","0.0","0.0","0.0","0.0","0.0","0.0","0.0","0.0","0.0","0.0","0.0","0.0","5.451989",""
"1767","VHI_nyse","2013","2","3 months ending 2013-06-30","days","365.25","2013-06-30","In Millions of USD (except for per share items)","1950.5366","52.180874","2002.7175","1766.2957","184.241","278.51584","0.0","0.0","0.0","14.210929","0.0","2117.6047","-114.887436","0.0","0.0","0.0","-114.887436","-78.55629","9.225681","0.0","-69.330605","0.0","0.0","0.0","-51.841534","0.0","-69.330605","-51.841534","0.0","0.0","0.0","0.0","1022.2623","-0.20704918","0.0","0.2","0.0","0.0","0.0","0.0","0.0","0.0","0.0","0.0","0.0","0.0","0.0","0.0","-0.17715846",""
"1776","VR_nyse","2013","2","3 months ending 2013-06-30","days","365.26096","2013-06-30","In Millions of USD (except for per share items)","0.0","17.7","2109.0059","0.0","0.0","310.2809","0.0","0.0","0.0","0.083076924","0.0","1779.9492","329.0567","0.0","0.0","0.0","329.0567","327.28485","32.04843","12.997252","372.32053","0.0","0.0","0.0","372.32053","0.0","353.11978","353.11978","0.0","0.0","0.0","0.0","414.1518","3.3821087","0.0","3.0770793","0.0","0.0","0.0","0.0","0.0","0.0","0.0","0.0","0.0","0.0","0.0","0.0","3.3929882",""
"1785","VLY_nyse","2013","2","3 months ending 2013-06-30","days","365.26096","2013-06-30","In Millions of USD (except for per share items)","0.0","0.0","0.0","0.0","0.0","0.0","0.0","0.0","0.0","0.0","0.0","0.0","0.0","0.0","0.0","0.0","202.76666","141.66414","0.0","0.0","141.66414","0.0","0.0","0.0","141.66414","0.0","141.66414","141.66414","0.0","0.0","0.0","0.0","793.39777","0.720789","0.0","0.6500192","0.0","0.0","0.0","0.0","0.0","0.0","0.0","0.0","0.0","0.0","0.0","0.0","0.73100877",""
"1794","VMI_nyse","2013","2","13 weeks ending 2013-06-29","days","366.0","2013-06-29","In Millions of USD (except for per share items)","3259.2107","0.0","3259.2107","2341.3916","917.80853","451.25217","0.0","0.0","0.0","0.0","0.0","2792.634","466.55637","0.0","0.0","2.458791","443.76584","293.06076","-5.7575827","2.863846","290.14685","0.0","0.0","0.0","290.14685","0.0","290.14685","290.14685","0.0","0.0","0.0","0.0","107.97923","10.816594","0.0","0.945055","0.0","0.0","0.0","0.0","0.0","0.0","0.0","0.0","0.0","0.0","0.0","0.0","10.816594",""
"1803","VAL_nyse","2013","-1","13 weeks ending 2013-07-26","days","366.0","2013-07-26","In Millions of USD (except for per share items)","4042.2617","0.0","4042.2617","2675.8083","1366.4634","718.66754","124.80286","0.0","0.0","22.248133","0.0","3541.527","500.74484","0.0","0.0","-0.75032973","435.82178","301.1413","0.0","0.0","301.1413","0.0","0.0","0.0","301.1413","0.0","301.1413","301.1413","0.0","0.0","0.0","0.0","368.5853","3.2873626","0.0","0.8943956","0.0","0.0","0.0","0.0","0.0","0.0","0.0","0.0","0.0","0.0","0.0","0.0","3.4589012",""
"1812","VHS_nyse","2013","2","3 months ending 2013-06-30","days","366.2498","2013-06-30","In Millions of USD (except for per share items)","6015.7573","0.0","6015.7573","1498.4478","4517.3096","3438.0227","0.0","257.8084","0.0","2.110219","511.74817","5905.682","110.07519","0.0","0.0","0.0","110.07519","69.18577","-9.220438","0.0","59.96533","0.0","0.0","0.0","60.065697","0.0","59.96533","60.065697","0.0","0.0","0.0","0.0","159.64886","0.7520803","0.0","0.0","0.0","0.0","0.0","0.0","0.0","0.0","0.0","0.0","0.0","0.0","0.0","0.0","0.7821898",""
"1821","VNTV_nyse","2013","2","3 months ending 2013-06-30","days","365.26096","2013-06-30","In Millions of USD (except for per share items)","1977.3491","0.0","1977.3491","878.3953","1098.9539","404.7425","0.0","169.74284","0.0","7.0094504","177.81413","1637.7045","339.64465","0.0","0.0","-19.781422","280.3062","196.6306","-88.648834","0.0","107.97176","0.0","0.0","0.0","107.97176","0.0","107.97176","107.97176","0.0","0.0","0.0","24.153114","688.62463","0.7800228","0.0","0.0","0.0","0.0","0.0","0.0","0.0","0.0","0.0","0.0","0.0","0.0","0.0","0.0","0.82013327",""
"1830","VAR_nyse","2013","2","13 weeks ending 2013-06-28","days","366.0","2013-06-28","In Millions of USD (except for per share items)","2945.749","0.0","2945.749","1694.1841","1251.5648","433.84726","198.34033","0.0","0.0","0.0","0.0","2326.3618","619.37726","0.0","0.0","0.0","622.53375","443.74173","0.0","0.0","443.74173","0.0","0.0","0.0","443.74173","0.0","443.74173","443.74173","0.0","0.0","0.0","0.0","445.60275","4.0137362","0.0","0.0","0.0","0.0","0.0","0.0","0.0","0.0","0.0","0.0","0.0","0.0","0.0","0.0","4.0137362",""
"1839","VGR_nyse","2013","2","3 months ending 2013-06-30","days","365.26096","2013-06-30","In Millions of USD (except for per share items)","1040.5051","0.0","1040.5051","765.5259","274.9893","107.104576","0.0","0.0","0.0","21.225464","0.0","893.846","146.66924","0.0","3.9311259","5.820533","81.73129","46.504776","0.0","0.0","46.504776","0.0","0.0","0.0","46.504776","0.0","45.500694","45.500694","0.0","0.0","0.0","0.0","354.7722","0.51297486","0.0","1.5391688","0.0","0.0","0.0","0.0","0.0","0.0","0.0","0.0","0.0","0.0","0.0","0.0","0.64122504",""
"1848","VVC_nyse","2013","2","3 months ending 2013-06-30","days","365.26096","2013-06-30","In Millions of USD (except for per share items)","2387.0254","0.0","2387.0254","680.3366","0.0","0.0","0.0","262.48505","0.0","0.0","58.631542","2049.9321","337.0934","0.0","0.0","10.30149","188.40854","126.482864","0.0","0.0","126.482864","0.0","0.0","0.0","126.482864","0.0","126.482864","126.482864","0.0","0.0","0.0","0.0","328.9055","1.5446478","0.0","1.400042","0.0","0.0","0.0","0.0","0.0","0.0","0.0","0.0","0.0","0.0","0.0","0.0","1.5446478",""
"1857","VTR_nyse","2013","2","3 months ending 2013-06-30","days","365.26096","2013-06-30","In Millions of USD (except for per share items)","2614.5925","57.248882","2671.8315","1059.0361","1555.5464","105.96744","0.0","729.1959","0.0","26.820173","12.785264","2247.7356","424.09576","0.0","0.0","0.0","442.21655","465.05887","-0.6492824","0.0","464.3997","0.0","0.0","0.0","424.90054","0.0","464.3997","424.90054","0.0","0.0","0.0","0.0","1183.7675","1.5692818","0.0","2.5789816","0.0","0.0","0.0","0.0","0.0","0.0","0.0","0.0","0.0","0.0","0.0","0.0","1.6391736",""
"1866","VE_nyse","2013","2","6 months ending 2013-06-30","days","365.25","2013-06-30","In Millions of EUR (except for per share items)","25770.77","0.0","25770.77","21663.611","4107.1577","3249.077","0.0","0.0","0.0","0.0","-79.992355","24832.697","938.07324","0.0","0.0","-62.74262","325.20657","242.76065","-141.49835","19.9153","121.1776","0.0","0.0","0.0","246.89125","0.0","121.1776","246.89125","0.0","0.0","0.0","0.0","1017.90674","0.24174863","0.0","0.70765024","0.0","0.0","0.0","0.0","0.0","0.0","0.0","0.0","0.0","0.0","0.0","0.0","0.25076503",""
"1874","PAY_nyse","2013","-1","3 months ending 2013-07-31","days","365.26096","2013-07-31","In Millions of USD (except for per share items)","1757.8527","0.0","1757.8527","1074.1041","683.74854","352.82898","161.64078","94.92755","0.0","56.105976","0.0","1739.587","18.245743","0.0","0.0","3.2811122","-35.167145","-18.063097","-2.1151352","0.0","-20.188454","0.0","0.0","0.0","-20.188454","0.0","-20.188454","-20.188454","0.0","0.0","0.0","0.0","437.90402","-0.19860506","0.0","0.0","0.0","0.0","0.0","0.0","0.0","0.0","0.0","0.0","0.0","0.0","0.0","0.0","0.10658259",""
"1883","VZ_nyse","2013","2","3 months ending 2013-06-30","days","365.26096","2013-06-30","In Millions of USD (except for per share items)","118248.45","0.0","118248.45","46026.504","72221.95","33005.875","0.0","16574.21","0.0","7570.0","0.0","103176.586","15071.866","0.0","0.0","-1069.0758","12070.089","12403.461","-10852.329","0.0","1551.1311","0.0","0.0","0.0","1551.1311","0.0","1551.1311","1551.1311","0.0","0.0","0.0","0.0","11474.214","0.53635144","0.0","2.0800624","0.0","0.0","0.0","0.0","0.0","0.0","0.0","0.0","0.0","0.0","0.0","0.0","2.278769",""
"1892","VRS_nyse","2013","2","3 months ending 2013-06-30","days","365.26096","2013-06-30","In Millions of USD (except for per share items)","1398.5952","0.0","1398.5952","1198.142","200.46326","73.61953","0.0","107.316986","0.0","105.7393","-64.526505","1420.2812","-21.665854","0.0","0.0","-2.5600522","-163.40225","-162.05125","0.0","0.0","-162.05125","0.0","0.0","0.0","-162.05125","0.0","-162.05125","-162.05125","0.0","0.0","0.0","0.0","211.96275","-3.056795","0.0","0.0","0.0","0.0","0.0","0.0","0.0","0.0","0.0","0.0","0.0","0.0","0.0","0.0","-1.7607505",""
"1901","VVI_nyse","2013","2","3 months ending 2013-06-30","days","365.26096","2013-06-30","In Millions of USD (except for per share items)","1045.3961","0.0","1045.3961","995.3637","50.032085","7.4531956","0.0","0.0","0.0","3.5271223","0.0","1007.0343","38.38175","0.0","0.0","0.0","38.38175","14.11149","-0.7088729","0.0","13.392728","0.0","0.0","0.0","13.372727","0.0","13.0969925","13.076992","0.0","0.0","0.0","0.0","81.44824","0.57311827","0.0","0.40001202","0.0","0.0","0.0","0.0","0.0","0.0","0.0","0.0","0.0","0.0","0.0","0.0","0.6830115",""
"1910","VCO_nyse","2013","2","3 months ending 2013-06-30","days","365.26096","2013-06-30","In Millions of CLP (except for per share items)","452213.97","0.0","452213.97","303268.5","148945.48","119162.84","0.0","0.0","0.0","0.0","820.46924","416656.12","35557.86","0.0","0.0","0.0","35557.86","25243.232","-516.64044","0.0","24726.57","0.0","0.0","0.0","24726.57","0.0","24726.57","24726.57","0.0","0.0","0.0","0.0","2988.1296","33.099712","0.0","16.100359","0.0","0.0","0.0","0.0","0.0","0.0","0.0","0.0","0.0","0.0","0.0","0.0","33.099712",""
"1919","VIPS_nyse","2013","2","3 months ending 2013-06-30","days","365.26096","2013-06-30","In Millions of USD (except for per share items)","1113.7129","0.0","1113.7129","855.76697","257.93582","222.7233","25.119621","0.0","0.0","0.0","-4.0818133","1099.5181","14.19491","0.0","0.0","0.0","24.449278","19.565397","0.0","0.0","19.565397","0.0","0.0","0.0","19.565397","0.0","19.565397","19.565397","0.0","0.0","0.0","0.0","381.74167","0.22835945","0.0","0.0","0.0","0.0","0.0","0.0","0.0","0.0","0.0","0.0","0.0","0.0","0.0","0.0","0.22835945",""
"1928","V_nyse","2013","2","3 months ending 2013-06-30","days","365.26096","2013-06-30","In Millions of USD (except for per share items)","10825.985","704.9113","11530.897","1903.6522","8922.332","2239.2744","0.0","379.7812","0.0","5.0439563","0.0","4527.752","7003.145","0.0","0.0","7.066054","7073.5728","5459.26","0.0","0.0","5459.26","0.0","0.0","0.0","5459.26","0.0","5459.26","5459.26","0.0","0.0","0.0","0.0","3753.6282","5.8190627","0.0","1.207622","0.0","0.0","0.0","0.0","0.0","0.0","0.0","0.0","0.0","0.0","0.0","0.0","5.8190627",""
"1937","VSH_nyse","2013","2","3 months ending 2013-06-29","days","364.26303","2013-06-29","In Millions of USD (except for per share items)","2248.9648","0.0","2248.9648","1728.6929","520.28174","347.9959","0.0","11.109187","0.0","0.09874437","-1.7508197","2086.126","162.83894","0.0","0.0","-2.9223418","144.41751","103.75051","-0.75822186","0.0","103.00212","0.0","0.0","0.0","103.00212","0.0","103.00212","103.00212","0.0","0.0","0.0","0.31006306","601.03015","0.6867393","0.0","0.0","0.0","0.0","0.0","0.0","0.0","0.0","0.0","0.0","0.0","0.0","0.0","0.0","0.6867393",""
"1946","VPG_nyse","2013","2","13 weeks ending 2013-06-29","days","364.0","2013-06-29","In Millions of USD (except for per share items)","226.63628","0.0","226.63628","148.85077","77.785484","67.704285","0.0","0.0","0.0","1.358022","0.0","217.8933","8.742967","0.0","0.0","-0.8029671","6.2345057","8.872967","-0.049010992","0.0","8.833957","0.0","0.0","0.0","8.833957","0.0","8.833957","8.833957","0.0","0.0","0.0","0.009999999","55.68879","0.6317582","0.0","0.0","0.0","0.0","0.0","0.0","0.0","0.0","0.0","0.0","0.0","0.0","0.0","0.0","0.5410989",""
"1955","VC_nyse","2013","2","3 months ending 2013-06-30","days","365.26096","2013-06-30","In Millions of USD (except for per share items)","7189.7305","0.0","7189.7305","6524.6","665.1302","368.0216","0.0","0.0","0.0","47.37621","41.0","6976.0527","213.67778","0.0","0.0","0.0","341.495","267.99924","-76.02413","0.0","191.97508","0.0","0.0","0.0","186.86519","0.0","191.97508","186.86519","0.0","0.0","0.0","0.13846995","209.2633","3.709498","0.0","0.0","0.0","0.0","0.0","0.0","0.0","0.0","0.0","0.0","0.0","0.0","0.0","0.0","4.3519487",""
"1964","VSI_nyse","2013","2","13 weeks ending 2013-06-29","days","366.0","2013-06-29","In Millions of USD (except for per share items)","1021.6925","0.0","1021.6925","662.0893","359.60318","249.24878","0.0","0.0","0.0","3.3000002","0.0","914.6583","107.044395","0.0","0.0","0.0","106.560875","65.38802","0.0","0.0","65.38802","0.0","0.0","0.0","65.38802","0.0","65.38802","65.38802","0.0","0.0","0.0","0.0","122.33461","2.151868","0.0","0.0","0.0","0.0","0.0","0.0","0.0","0.0","0.0","0.0","0.0","0.0","0.0","0.0","2.2218683",""
"1973","VMW_nyse","2013","2","3 months ending 2013-06-30","days","365.26096","2013-06-30","In Millions of USD (except for per share items)","4859.739","0.0","4859.739","776.68475","4083.0535","2136.9453","1008.8943","0.0","0.0","64.26709","0.0","3986.8013","872.9472","0.0","0.0","14.254241","911.7601","779.1205","0.0","0.0","779.1205","0.0","0.0","0.0","779.1205","0.0","779.1205","779.1205","0.0","0.0","0.0","-0.40551913","1732.318","1.797311","0.0","0.0","0.0","0.0","0.0","0.0","0.0","0.0","0.0","0.0","0.0","0.0","0.0","0.0","1.8962181",""
"1982","VOC_nyse","2013","2","3 months ending 2013-06-30","days","365.26096","2013-06-30","In Millions of USD (except for per share items)","31.612093","0.0","31.612093","0.0","0.0","0.8288207","0.0","0.0","0.0","0.0","0.086693086","0.92540437","30.68669","0.0","0.0","0.0","30.68669","30.68669","0.0","0.0","30.68669","0.0","0.0","0.0","30.68669","0.0","30.68669","30.68669","0.0","0.0","0.0","0.0","68.002045","1.8050994","0.0","1.8050994","0.0","0.0","0.0","0.0","0.0","0.0","0.0","0.0","0.0","0.0","0.0","0.0","1.8050994",""
"1990","VCRA_nyse","2013","2","3 months ending 2013-06-30","days","365.26096","2013-06-30","In Millions of USD (except for per share items)","100.71935","0.0","100.71935","36.528454","64.19089","53.395626","13.429983","0.0","0.0","0.0","0.0","103.35406","-2.6347172","0.0","0.0","-0.09748033","-2.511753","-2.8714302","0.0","0.0","-2.8714302","0.0","0.0","0.0","-2.8714302","0.0","-3.1616502","-3.1616502","0.0","0.0","0.0","0.01","94.80326","-0.11605716","0.0","0.0","0.0","0.0","0.0","0.0","0.0","0.0","0.0","0.0","0.0","0.0","0.0","0.0","-0.11605716",""
"1999","VG_nyse","2013","2","3 months ending 2013-06-30","days","365.26096","2013-06-30","In Millions of USD (except for per share items)","835.19904","0.0","835.19904","258.92792","576.27136","460.5688","0.0","32.34141","0.0","0.0","0.0","751.8482","83.361206","0.0","0.0","-0.01010929","77.62574","46.606285","0.0","0.0","46.606285","0.0","0.0","0.0","46.606285","0.0","46.606285","46.606285","0.0","0.0","0.0","0.0","905.1545","0.21033508","0.0","0.0","0.0","0.0","0.0","0.0","0.0","0.0","0.0","0.0","0.0","0.0","0.0","0.0","0.21033508",""
"2008","VNO_nyse","2013","2","3 months ending 2013-06-30","days","365.26096","2013-06-30","In Millions of USD (except for per share items)","2805.0515","0.0","2805.0515","1190.9674","1614.0841","208.27106","0.0","532.439","0.0","385.46878","0.0","2317.1465","487.89508","0.0","-26.83962","312.70493","351.91415","354.11093","-78.69432","0.0","275.4067","0.0","0.0","0.0","749.2612","0.0","199.95137","673.79565","0.0","0.0","0.0","0.030987209","748.7013","1.0625616","0.0","2.8392086","0.0","0.0","0.0","0.0","0.0","0.0","0.0","0.0","0.0","0.0","0.0","0.0","2.6481915",""
"2017","VMC_nyse","2013","2","3 months ending 2013-06-30","days","365.26096","2013-06-30","In Millions of USD (except for per share items)","2616.2434","0.0","2616.2434","2258.4397","357.834","261.89227","0.0","0.0","0.0","-69.606285","16.502373","2467.2283","149.03561","0.0","0.0","7.010709","-53.597042","-10.692551","0.0","0.0","-10.692551","0.0","0.0","0.0","-7.7316756","0.0","-10.692551","-7.7316756","0.0","0.0","0.0","0.0","522.75385","-0.084739685","0.0","0.040001202","0.0","0.0","0.0","0.0","0.0","0.0","0.0","0.0","0.0","0.0","0.0","0.0","-0.46266204",""
"2026","WTI_nyse","2013","2","3 months ending 2013-06-30","days","365.26096","2013-06-30","In Millions of USD (except for per share items)","916.38135","0.0","916.38135","14.920654","901.4405","337.0755","0.0","369.9308","0.0","0.0","11.71","749.02264","167.35872","0.0","0.0","0.21439561","102.03545","63.65196","0.0","0.0","63.65196","0.0","0.0","0.0","63.65196","0.0","63.32609","63.32609","0.0","0.0","0.0","0.0","299.22958","0.8425659","0.0","0.32990032","0.0","0.0","0.0","0.0","0.0","0.0","0.0","0.0","0.0","0.0","0.0","0.0","0.9652033",""
"2035","WRB_nyse","2013","2","3 months ending 2013-06-30","days","365.26096","2013-06-30","In Millions of USD (except for per share items)","0.0","319.4242","6104.413","0.0","0.0","0.0","0.0","0.0","0.0","0.0","2205.229","5419.861","684.5627","0.0","0.0","0.0","684.5627","497.92746","0.76939166","0.0","498.68695","0.0","0.0","0.0","498.68695","0.0","498.68695","498.68695","0.0","0.0","0.0","0.0","565.80566","3.5275717","0.0","0.37001082","0.0","0.0","0.0","0.0","0.0","0.0","0.0","0.0","0.0","0.0","0.0","0.0","3.5275717",""
"2044","GRA_nyse","2013","2","3 months ending 2013-06-30","days","365.26096","2013-06-30","In Millions of USD (except for per share items)","3087.636","0.0","3087.636","1935.3745","1152.2616","619.6943","65.47234","0.0","0.0","12.170637","362.9408","3023.8105","63.825405","0.0","0.0","0.0","63.825405","100.77852","-1.0022459","0.0","99.77629","0.0","0.0","0.0","99.77629","0.0","99.77629","99.77629","0.0","0.0","0.0","0.0","306.7873","1.2725232","0.0","0.0","0.0","0.0","0.0","0.0","0.0","0.0","0.0","0.0","0.0","0.0","0.0","0.0","1.372635",""
"2053","GWW_nyse","2013","2","3 months ending 2013-06-30","days","365.26096","2013-06-30","In Millions of USD (except for per share items)","9168.496","0.0","9168.496","5127.1777","4041.327","2835.175","0.0","0.0","0.0","2.0","0.0","7964.354","1204.1519","0.0","0.0","1.1715829","1191.9656","750.28094","-10.399797","0.0","739.88116","0.0","0.0","0.0","739.88116","0.0","727.6635","727.6635","0.0","0.0","0.0","0.010659341","283.02213","10.282007","0.0","3.3286753","0.0","0.0","0.0","0.0","0.0","0.0","0.0","0.0","0.0","0.0","0.0","0.0","10.302008",""
"2062","WNC_nyse","2013","2","3 months ending 2013-06-30","days","365.26096","2013-06-30","In Millions of USD (except for per share items)","1559.9927","0.0","1559.9927","1354.5265","205.44617","85.0411","0.0","17.167242","0.0","1.3643373","0.0","1458.0992","101.88349","0.0","0.0","1.8537412","74.051","118.678116","0.0","0.0","118.678116","0.0","0.0","0.0","118.678116","0.0","117.82437","117.82437","0.0","0.0","0.0","0.0","274.83087","1.7227646","0.0","0.0","0.0","0.0","0.0","0.0","0.0","0.0","0.0","0.0","0.0","0.0","0.0","0.0","1.7326554",""
"2071","WBC_nyse","2013","2","3 months ending 2013-06-30","days","365.26096","2013-06-30","In Millions of USD (except for per share items)","2506.2717","0.0","2506.2717","1752.2396","754.032","326.6026","111.806885","0.0","0.0","0.0","5.4519243","2196.101","310.17056","0.0","0.0","-0.058019698","325.51187","303.37894","-9.290404","0.0","294.08856","0.0","0.0","0.0","294.08856","0.0","294.08856","294.08856","0.0","0.0","0.0","0.0","256.27673","4.5891595","0.0","0.0","0.0","0.0","0.0","0.0","0.0","0.0","0.0","0.0","0.0","0.0","0.0","0.0","4.7187233",""
"2080","WDR_nyse","2013","2","3 months ending 2013-06-30","days","365.26096","2013-06-30","In Millions of USD (except for per share items)","1243.8827","0.0","1243.8827","623.5125","620.3505","258.05185","0.0","12.969618","0.0","0.0","18.312284","912.86584","331.00693","0.0","0.0","0.0","329.55634","210.27898","0.0","0.0","210.27898","0.0","0.0","0.0","166.70096","0.0","210.27898","166.70096","0.0","0.0","0.0","0.0","342.68073","2.4598546","0.0","1.0593742","0.0","0.0","0.0","0.0","0.0","0.0","0.0","0.0","0.0","0.0","0.0","0.0","2.4598546",""
"2089","WAGE_nyse","2013","2","3 months ending 2013-06-30","days","365.26096","2013-06-30","In Millions of USD (except for per share items)","199.60533","0.0","199.60533","72.40123","127.19422","65.29664","21.092323","0.0","0.0","0.0","16.301212","175.11151","24.493822","0.0","0.0","0.050111692","22.912241","13.851068","0.0","0.0","13.851068","0.0","0.0","0.0","13.851068","0.0","13.851068","13.851068","0.0","0.0","0.0","0.0","116.40227","0.49902597","0.0","0.0","0.0","0.0","0.0","0.0","0.0","0.0","0.0","0.0","0.0","0.0","0.0","0.0","0.49902597",""
"2098","WAG_nyse","2013","-1","3 months ending 2013-05-31","days","366.2589","2013-05-31","In Millions of USD (except for per share items)","71522.266","0.0","71522.266","50712.176","20810.088","17509.062","0.0","0.0","0.0","22.021858","0.0","68024.44","3497.8245","0.0","0.0","76.57923","3426.9895","2146.2173","0.0","0.0","2146.2173","0.0","0.0","0.0","2146.2173","0.0","2146.2173","2146.2173","0.0","0.0","0.0","0.0","3768.1267","2.2607024","0.0","1.1230937","0.0","0.0","0.0","0.0","0.0","0.0","0.0","0.0","0.0","0.0","0.0","0.0","2.320648",""
"2107","WD_nyse","2013","2","3 months ending 2013-06-30","days","365.26096","2013-06-30","In Millions of USD (except for per share items)","315.16205","20.201504","335.3636","145.6102","169.54163","2.2787502","0.0","76.62221","0.0","0.0","40.52968","268.18964","67.16404","0.0","0.0","0.0","67.16404","40.822655","0.0","0.0","40.822655","0.0","0.0","0.0","40.822655","0.0","40.822655","40.822655","0.0","0.0","0.0","0.0","127.92885","1.26905","0.0","0.0","0.0","0.0","0.0","0.0","0.0","0.0","0.0","0.0","0.0","0.0","0.0","0.0","1.3701489",""
"2116","WMT_nyse","2013","-1","3 months ending 2013-07-31","days","365.26096","2013-07-31","In Millions of USD (except for per share items)","472957.9","0.0","472957.9","355110.5","117847.38","89892.766","0.0","0.0","0.0","0.0","0.0","445003.28","27954.621","0.0","0.0","0.0","25847.436","17855.887","-767.8206","0.0","17088.066","0.0","0.0","0.0","17088.066","0.0","17088.066","17088.066","0.0","0.0","0.0","0.0","13344.034","5.1277256","0.0","1.738518","0.0","0.0","0.0","0.0","0.0","0.0","0.0","0.0","0.0","0.0","0.0","0.0","5.1277256",""
"2125","DIS_nyse","2013","2","3 months ending 2013-06-29","days","366.2589","2013-06-29","In Millions of USD (except for per share items)","44371.03","0.0","44371.03","35039.953","9331.073","0.0","0.0","0.0","0.0","491.41574","-66.15415","34843.895","9527.128","0.0","0.0","0.0","9527.128","6493.5767","-498.59677","0.0","5994.9805","0.0","0.0","0.0","5994.9805","0.0","5994.9805","5994.9805","0.0","0.0","0.0","0.0","7283.0103","3.2948904","0.0","0.76648355","0.0","0.0","0.0","0.0","0.0","0.0","0.0","0.0","0.0","0.0","0.0","0.0","3.4850569",""
"2134","WLT_nyse","2013","2","3 months ending 2013-06-30","days","365.26096","2013-06-30","In Millions of USD (except for per share items)","2026.845","0.0","2026.845","1669.1649","357.69012","175.10085","0.0","324.97052","0.0","1139.4746","0.0","3308.7212","-1281.8762","0.0","0.0","-0.79399264","-1467.1321","-1239.2823","0.0","0.0","-1239.2823","0.0","0.0","0.0","-1239.2823","0.0","-1239.2823","-1239.2823","0.0","0.0","0.0","0.0","250.37654","-19.79832","0.0","0.4800144","0.0","0.0","0.0","0.0","0.0","0.0","0.0","0.0","0.0","0.0","0.0","0.0","-7.5367823",""
"2143","WAC_nyse","2013","2","3 months ending 2013-06-30","days","365.26096","2013-06-30","In Millions of USD (except for per share items)","1138.036","40.36053","1178.3866","211.36877","926.64734","664.0605","0.0","83.86149","0.0","0.0","5.0194864","964.30994","214.06647","0.0","-48.58","72.24","237.7166","141.55225","0.0","0.0","141.55225","0.0","0.0","0.0","141.55225","0.0","138.8899","138.8899","0.0","0.0","0.0","0.04945355","139.30396","3.6657631","0.0","0.0","0.0","0.0","0.0","0.0","0.0","0.0","0.0","0.0","0.0","0.0","0.0","0.0","4.575763",""
"2152","WPO_nyse","2013","2","13 weeks ending 2013-06-30","days","365.0","2013-06-30","In Millions of USD (except for per share items)","4043.1775","0.0","4043.1775","1871.1635","2172.0144","1588.2631","0.0","293.1442","0.0","111.59","0.0","3864.1504","179.01709","0.0","-0.179011","-13.716373","129.75714","52.27083","-0.33653846","0.0","51.944233","0.0","0.0","0.0","100.41143","0.0","49.77017","98.237366","0.0","0.0","0.0","0.0","28.983078","6.394945","0.0","4.9538465","0.0","0.0","0.0","0.0","0.0","0.0","0.0","0.0","0.0","0.0","0.0","0.0","16.884945",""
"2161","WRE_nyse","2013","2","3 months ending 2013-06-30","days","365.26096","2013-06-30","In Millions of USD (except for per share items)","309.36868","0.0","309.36868","107.20537","202.1633","15.553769","0.0","103.37581","0.0","2.3232048","0.0","228.46803","80.90062","0.0","0.0","0.96991956","15.806159","15.806159","0.0","0.0","15.806159","0.0","0.0","0.0","25.052515","0.0","15.089108","24.345356","0.0","0.0","0.0","0.0","265.88446","0.2302282","0.0","1.200036","0.0","0.0","0.0","0.0","0.0","0.0","0.0","0.0","0.0","0.0","0.0","0.0","0.2602282",""
"2170","WCN_nyse","2013","2","3 months ending 2013-06-30","days","365.26096","2013-06-30","In Millions of USD (except for per share items)","1812.8097","0.0","1812.8097","1021.3481","791.4717","207.5844","0.0","223.55638","0.0","0.62359416","10.385246","1463.4977","349.33237","0.0","0.0","-0.2686297","282.83286","171.53426","-0.4834156","0.0","171.05054","0.0","0.0","0.0","171.05054","0.0","171.05054","171.05054","0.0","0.0","0.0","-0.11","495.38788","1.3812501","0.0","0.38979223","0.0","0.0","0.0","0.0","0.0","0.0","0.0","0.0","0.0","0.0","0.0","0.0","1.3911409",""
"2179","WM_nyse","2013","2","3 months ending 2013-06-30","days","365.26096","2013-06-30","In Millions of USD (except for per share items)","13758.072","0.0","13758.072","4907.7974","8850.273","3874.8438","0.0","1319.0398","0.0","1759.3683","0.0","11861.05","1897.0217","0.0","0.0","-53.001682","1342.5991","890.1798","-39.979225","0.0","850.20056","0.0","0.0","0.0","850.20056","0.0","850.20056","850.20056","0.0","0.0","0.0","0.0","1865.5892","1.8204924","0.0","1.4198235","0.0","0.0","0.0","0.0","0.0","0.0","0.0","0.0","0.0","0.0","0.0","0.0","4.4328713",""
"2188","WAT_nyse","2013","2","3 months ending 2013-06-29","days","364.26303","2013-06-29","In Millions of USD (except for per share items)","1848.6188","0.0","1848.6188","752.02625","1096.5826","475.97342","98.38319","13.723123","0.0","6.228681","0.0","1346.3243","502.29483","0.0","0.0","-1.5442623","476.11356","484.14957","0.0","0.0","484.14957","0.0","0.0","0.0","484.14957","0.0","484.14957","484.14957","0.0","0.0","0.0","0.0","349.19476","5.5249434","0.0","0.0","0.0","0.0","0.0","0.0","0.0","0.0","0.0","0.0","0.0","0.0","0.0","0.0","5.585383",""
"2197","WSO_nyse","2013","2","3 months ending 2013-06-30","days","365.26096","2013-06-30","In Millions of USD (except for per share items)","3622.872","0.0","3622.872","2754.9539","867.9176","610.7347","0.0","0.0","0.0","0.5087912","0.0","3367.7104","255.16121","0.0","0.0","0.0","249.87634","177.16464","-56.50075","0.0","120.664215","0.0","0.0","0.0","120.664215","0.0","101.73174","101.73174","0.0","0.0","0.0","0.0","128.85223","3.165717","0.0","6.748162","0.0","0.0","0.0","0.0","0.0","0.0","0.0","0.0","0.0","0.0","0.0","0.0","3.1759365",""
"2206","WSO/B_nyse","2013","2","3 months ending 2013-06-30","days","365.26096","2013-06-30","In Millions of USD (except for per share items)","3622.872","0.0","3622.872","2754.9539","867.9176","610.7347","0.0","0.0","0.0","0.5087912","0.0","3367.7104","255.16121","0.0","0.0","0.0","249.87634","177.16464","-56.50075","0.0","120.664215","0.0","0.0","0.0","120.664215","0.0","101.73174","101.73174","0.0","0.0","0.0","0.0","128.85223","3.165717","0.0","6.748162","0.0","0.0","0.0","0.0","0.0","0.0","0.0","0.0","0.0","0.0","0.0","0.0","3.1759365",""
"2215","WTS_nyse","2013","2","3 months ending 2013-06-30","days","365.26096","2013-06-30","In Millions of USD (except for per share items)","1443.6233","0.0","1443.6233","924.33813","519.28503","361.03195","20.890764","0.0","0.0","10.633219","0.0","1316.8939","126.72911","0.0","0.0","-1.4715126","102.048134","71.428474","0.0","0.0","71.428474","0.0","0.0","0.0","69.22848","0.0","71.428474","69.22848","0.0","0.0","0.0","0.0","141.89548","2.010938","0.0","0.45979467","0.0","0.0","0.0","0.0","0.0","0.0","0.0","0.0","0.0","0.0","0.0","0.0","2.3119323",""
"2224","WPP_nyse","2013","2","3 months ending 2013-06-30","days","365.26096","2013-06-30","In Millions of USD (except for per share items)","561.5629","0.0","561.5629","501.58994","59.982918","76.412315","0.0","0.0","0.0","0.0","0.0","577.9823","-16.419397","0.0","0.0","-0.04021978","-22.920681","-25.722858","0.0","0.0","-25.722858","0.0","0.0","0.0","-91.40386","0.0","-25.722858","-91.40386","0.0","0.0","0.0","0.0","197.4343","-0.5280448","0.0","0.1200036","0.0","0.0","0.0","0.0","0.0","0.0","0.0","0.0","0.0","0.0","0.0","0.0","-0.5280448",""
"2233","WFT_nyse","2013","2","3 months ending 2013-06-30","days","365.26096","2013-06-30","In Millions of USD (except for per share items)","15581.727","0.0","15581.727","12314.192","3267.534","1957.8597","268.98633","0.0","0.0","143.4153","0.0","14684.453","897.2728","0.0","0.0","-185.11777","200.19444","-115.42244","-29.989912","0.0","-145.41235","0.0","0.0","0.0","-145.41235","0.0","-145.41235","-145.41235","0.0","0.0","0.0","0.0","3082.0818","-0.18671049","0.0","0.0","0.0","0.0","0.0","0.0","0.0","0.0","0.0","0.0","0.0","0.0","0.0","0.0","0.0028583528",""
"2242","WBS_nyse","2013","2","3 months ending 2013-06-30","days","365.26096","2013-06-30","In Millions of USD (except for per share items)","0.0","0.0","0.0","0.0","0.0","0.0","0.0","0.0","0.0","0.0","0.0","0.0","0.0","0.0","0.0","0.0","261.53552","182.03168","0.0","0.0","182.03168","0.0","0.0","0.0","182.03168","0.0","174.79617","174.79617","0.0","0.0","0.0","0.0","362.99487","1.9303855","0.0","0.44946554","0.0","0.0","0.0","0.0","0.0","0.0","0.0","0.0","0.0","0.0","0.0","0.0","1.9106041",""
"2251","WTW_nyse","2013","2","13 weeks ending 2013-06-29","days","366.0","2013-06-29","In Millions of USD (except for per share items)","1800.054","0.0","1800.054","735.13135","1064.9027","550.402","0.0","0.0","0.0","21.68","0.0","1307.2234","492.83066","0.0","0.0","0.16670333","389.47702","240.50044","0.0","0.0","240.50044","0.0","0.0","0.0","240.50044","0.0","240.50044","240.50044","0.0","0.0","0.0","0.0","226.19342","4.276374","0.0","0.7037363","0.0","0.0","0.0","0.0","0.0","0.0","0.0","0.0","0.0","0.0","0.0","0.0","4.5163736",""
"2260","WRD_nyse","2013","2","3 months ending 2013-06-30","days","364.751","2013-06-30","In Millions of USD (except for per share items)","448.83716","11.675847","460.513","142.07693","306.7701","23.432076","0.0","133.93541","0.0","0.52732235","0.0","299.96185","160.55116","0.0","20.103333","11.982842","116.56055","116.519775","-40.90099","0.0","75.603714","0.0","0.0","0.0","182.06197","0.0","30.659832","137.11299","0.0","0.0","0.0","0.0","425.93756","0.2509836","0.0","1.0308197","0.0","0.0","0.0","0.0","0.0","0.0","0.0","0.0","0.0","0.0","0.0","0.0","-0.10480875",""
"2269","WRI_nyse","2013","2","3 months ending 2013-06-30","days","364.751","2013-06-30","In Millions of USD (except for per share items)","448.83716","11.675847","460.513","142.07693","306.7701","23.432076","0.0","133.93541","0.0","0.52732235","0.0","299.96185","160.55116","0.0","20.103333","11.982842","116.56055","116.519775","-40.90099","0.0","75.603714","0.0","0.0","0.0","182.06197","0.0","30.659832","137.11299","0.0","0.0","0.0","0.0","425.93756","0.2509836","0.0","1.0308197","0.0","0.0","0.0","0.0","0.0","0.0","0.0","0.0","0.0","0.0","0.0","0.0","-0.10480875",""
"2278","WMK_nyse","2013","2","13 weeks ending 2013-06-29","days","366.0","2013-06-29","In Millions of USD (except for per share items)","2722.17","0.0","2722.17","1964.9059","757.2642","626.8524","0.0","0.0","0.0","0.41","0.0","2592.1885","130.00154","0.0","0.0","1.39","134.46846","83.967575","0.0","0.0","83.967575","0.0","0.0","0.0","83.967575","0.0","83.967575","83.967575","0.0","0.0","0.0","0.0","108.19121","3.124066","0.0","1.2065935","0.0","0.0","0.0","0.0","0.0","0.0","0.0","0.0","0.0","0.0","0.0","0.0","3.1340659",""
"2287","WCG_nyse","2013","2","3 months ending 2013-06-30","days","365.26096","2013-06-30","In Millions of USD (except for per share items)","0.0","0.0","8385.114","0.0","0.0","720.94025","0.0","37.743004","0.0","67.30819","83.901","8145.067","240.0369","0.0","0.0","0.0","240.0369","155.57378","0.0","0.0","155.57378","0.0","0.0","0.0","155.57378","0.0","155.57378","155.57378","0.0","0.0","0.0","0.0","175.54308","3.5420716","0.0","0.0","0.0","0.0","0.0","0.0","0.0","0.0","0.0","0.0","0.0","0.0","0.0","0.0","4.341547",""
"2296","WLP_nyse","2013","2","3 months ending 2013-06-30","days","365.26096","2013-06-30","In Millions of USD (except for per share items)","0.0","0.0","66321.64","0.0","0.0","9319.137","0.0","262.42242","0.0","0.0","0.0","62321.69","3999.9468","0.0","0.0","0.0","3999.9468","2837.4727","0.0","0.0","2837.4727","0.0","0.0","0.0","2837.4727","0.0","2837.4727","2837.4727","0.0","0.0","0.0","0.0","1238.8179","9.176815","0.0","1.3380675","0.0","0.0","0.0","0.0","0.0","0.0","0.0","0.0","0.0","0.0","0.0","0.0","9.477367",""
"2305","WFC_nyse","2013","2","3 months ending 2013-06-30","days","365.26096","2013-06-30","In Millions of USD (except for per share items)","0.0","0.0","0.0","0.0","0.0","0.0","0.0","0.0","0.0","0.0","0.0","0.0","0.0","0.0","0.0","0.0","30830.979","21147.209","-438.53577","0.0","20708.674","0.0","0.0","0.0","20708.674","0.0","19769.162","19769.162","0.0","0.0","0.0","0.0","21432.748","3.688576","0.0","0.9888243","0.0","0.0","0.0","0.0","0.0","0.0","0.0","0.0","0.0","0.0","0.0","0.0","3.688576",""
"2314","WAIR_nyse","2013","2","3 months ending 2013-06-30","days","365.26096","2013-06-30","In Millions of USD (except for per share items)","879.10815","0.0","879.10815","562.9069","316.19135","141.93018","0.0","0.0","0.0","0.0","0.0","704.8271","174.28139","0.0","0.0","4.0947087E-4","147.012","101.80634","0.0","0.0","101.80634","0.0","0.0","0.0","101.80634","0.0","101.80634","101.80634","0.0","0.0","0.0","0.0","382.9304","1.0597057","0.0","0.0","0.0","0.0","0.0","0.0","0.0","0.0","0.0","0.0","0.0","0.0","0.0","0.0","1.0697057",""
"2323","WCC_nyse","2013","2","3 months ending 2013-06-30","days","365.26096","2013-06-30","In Millions of USD (except for per share items)","6998.4414","0.0","6998.4414","5549.87","1448.5609","994.2748","0.0","54.737858","0.0","3.47","-0.1","6602.2627","396.17834","0.0","0.0","-0.1","325.28757","269.56323","-0.038795415","0.0","269.5244","0.0","0.0","0.0","269.5244","0.0","269.5244","269.5244","0.0","0.0","0.0","0.0","206.81255","5.199877","0.0","0.0","0.0","0.0","0.0","0.0","0.0","0.0","0.0","0.0","0.0","0.0","0.0","0.0","5.249877",""
"2332","WST_nyse","2013","2","3 months ending 2013-06-30","days","365.26096","2013-06-30","In Millions of USD (except for per share items)","1308.4026","0.0","1308.4026","898.3486","410.05405","230.98186","35.37694","0.0","0.0","2.6307933","-3.5000482","1165.3601","143.0425","0.0","0.0","0.0","128.24094","93.0497","0.0","4.3990755","97.44878","0.0","0.0","0.0","97.44878","0.0","97.44878","97.44878","0.0","0.0","0.0","0.1","140.19214","2.7803247","0.0","0.755847","0.0","0.0","0.0","0.0","0.0","0.0","0.0","0.0","0.0","0.0","0.0","0.0","2.830546",""
"2341","WR_nyse","2013","2","3 months ending 2013-06-30","days","365.26096","2013-06-30","In Millions of USD (except for per share items)","2338.427","0.0","2338.427","0.0","0.0","219.46303","0.0","265.2905","0.0","0.0","0.0","1726.5729","611.86395","0.0","0.0","11.8403635","453.56656","313.23935","-8.241581","0.0","304.98788","0.0","0.0","0.0","304.98788","0.0","304.4491","304.4491","0.0","0.0","0.0","0.0","509.3281","2.404012","0.0","1.3398211","0.0","0.0","0.0","0.0","0.0","0.0","0.0","0.0","0.0","0.0","0.0","0.0","2.404012",""
"2350","WAL_nyse","2013","2","3 months ending 2013-06-30","days","365.26096","2013-06-30","In Millions of USD (except for per share items)","0.0","0.0","0.0","0.0","0.0","0.0","0.0","0.0","0.0","0.0","0.0","0.0","0.0","0.0","0.0","0.0","132.35226","104.48264","0.0","0.0","104.48264","0.0","0.0","0.0","102.298904","0.0","103.06283","100.878975","0.0","0.0","0.0","0.0","339.86334","1.2072905","0.0","0.0","0.0","0.0","0.0","0.0","0.0","0.0","0.0","0.0","0.0","0.0","0.0","0.0","1.297622",""
"2359","WMC_nyse","2013","2","3 months ending 2013-06-30","days","365.26096","2013-06-30","In Millions of USD (except for per share items)","27.617647","0.0","27.617647","17.006626","10.621234","12.527686","0.0","0.0","0.0","0.0","0.0","29.534313","-1.9067781","0.0","0.0","0.0","-1.9067781","-1.9067781","0.0","0.0","-1.9067781","0.0","0.0","0.0","-1.9067781","0.0","-1.9067781","-1.9067781","0.0","0.0","0.0","0.0","82.507416","1.5251354","0.0","3.8184626","0.0","0.0","0.0","0.0","0.0","0.0","0.0","0.0","0.0","0.0","0.0","0.0","1.5251354",""
"2365","WGP_nyse","2013","2","3 months ending 2013-06-30","days","366.75647","2013-06-30","In Millions of USD (except for per share items)","912.44604","0.0","912.44604","345.8733","566.563","232.92506","0.0","127.94098","0.0","0.0","0.0","706.74915","205.69687","0.0","0.0","1.3544475","178.38516","159.05551","-75.43715","0.0","83.603386","0.0","0.0","0.0","83.603386","0.0","79.02398","79.02398","0.0","0.0","0.0","0.0","544.56433","0.35847414","0.0","1.0879781","0.0","0.0","0.0","0.0","0.0","0.0","0.0","0.0","0.0","0.0","0.0","0.0","0.35847414",""
"2374","WES_nyse","2013","2","3 months ending 2013-06-30","days","365.26096","2013-06-30","In Millions of USD (except for per share items)","916.2544","0.0","916.2544","347.0391","569.2055","260.21783","0.0","132.31161","0.0","0.0","0.0","739.5686","176.68587","0.0","0.0","2.2686417","148.49123","143.53745","-10.470466","0.0","133.06699","0.0","0.0","0.0","133.06699","0.0","81.958374","81.958374","0.0","0.0","0.0","0.0","407.06335","0.77938396","0.0","2.058746","0.0","0.0","0.0","0.0","0.0","0.0","0.0","0.0","0.0","0.0","0.0","0.0","0.77938396",""
"2383","WNR_nyse","2013","2","3 months ending 2013-06-30","days","365.26096","2013-06-30","In Millions of USD (except for per share items)","9314.075","0.0","9314.075","8149.1226","1164.953","205.75166","0.0","99.80573","0.0","46.25885","0.0","8547.889","766.1657","0.0","0.0","-0.6475644","691.68713","444.4622","0.0","0.0","444.4622","0.0","0.0","0.0","444.4622","0.0","428.14688","428.14688","0.0","0.0","0.0","15.684864","406.84958","4.1947527","0.0","2.977377","0.0","0.0","0.0","0.0","0.0","0.0","0.0","0.0","0.0","0.0","0.0","0.0","4.481583",""
"2392","WU_nyse","2013","2","3 months ending 2013-06-30","days","365.26096","2013-06-30","In Millions of USD (except for per share items)","5559.2124","0.0","5559.2124","3179.7778","2379.4343","1130.2428","0.0","0.0","0.0","22.126375","0.0","4332.1475","1227.0652","0.0","0.0","8.882669","1052.8442","919.43567","0.0","0.0","919.43567","0.0","0.0","0.0","919.43567","0.0","919.43567","919.43567","0.0","0.0","0.0","0.0","2323.351","1.581912","0.0","0.45957485","0.0","0.0","0.0","0.0","0.0","0.0","0.0","0.0","0.0","0.0","0.0","0.0","1.6319132",""
"2401","WAB_nyse","2013","2","3 months ending 2013-06-30","days","365.26096","2013-06-30","In Millions of USD (except for per share items)","2450.7146","0.0","2450.7146","1723.5269","727.1876","252.59221","43.609158","17.670856","0.0","0.0","0.0","2037.4293","413.28528","0.0","0.0","2.1323035","398.41443","271.81787","0.0","0.0","271.81787","0.0","0.0","0.0","271.81787","0.0","270.45895","270.45895","0.0","0.0","0.0","0.0","387.1721","2.7981107","0.0","0.1200036","0.0","0.0","0.0","0.0","0.0","0.0","0.0","0.0","0.0","0.0","0.0","0.0","2.7981107",""
"2410","WLK_nyse","2013","2","3 months ending 2013-06-30","days","365.26096","2013-06-30","In Millions of USD (except for per share items)","3424.2449","0.0","3424.2449","2562.2197","862.03546","135.55487","0.0","0.0","0.0","7.2356043","0.0","2705.0105","719.245","0.0","0.0","4.469436","693.1397","450.37946","0.0","0.0","450.37946","0.0","0.0","0.0","450.37946","0.0","448.3615","448.3615","0.0","0.0","0.0","0.0","267.21265","6.714747","0.0","0.7600228","0.0","0.0","0.0","0.0","0.0","0.0","0.0","0.0","0.0","0.0","0.0","0.0","6.786285",""
"2419","WBK_nyse","2013","1","6 months ending 2013-03-31","days","365.25","2013-03-31","In Millions of AUD (except for per share items)","0.0","0.0","0.0","0.0","0.0","0.0","0.0","0.0","0.0","0.0","0.0","0.0","0.0","0.0","0.0","0.0","9355.421","6372.3384","-66.98361","0.0","6305.355","0.0","0.0","0.0","6305.355","0.0","6293.344","6293.344","0.0","0.0","0.0","157.04918","6445.0166","2.0095081","0.0","1.6998907","0.0","0.0","0.0","0.0","0.0","0.0","0.0","0.0","0.0","0.0","0.0","0.0","2.0296175",""
"2428","WHG_nyse","2013","2","3 months ending 2013-06-30","days","365.26096","2013-06-30","In Millions of USD (except for per share items)","80.83777","2.2423208","83.07999","0.0","0.0","57.80135","2.6696408","0.0","0.0","0.0","0.0","60.480988","22.5991","0.0","0.0","0.0","22.5991","13.780683","0.0","0.0","13.780683","0.0","0.0","0.0","13.780683","0.0","13.780683","13.780683","0.0","0.0","0.0","0.0","29.807163","1.8462157","0.0","1.5693887","0.0","0.0","0.0","0.0","0.0","0.0","0.0","0.0","0.0","0.0","0.0","0.0","1.8462157",""
"2437","WEX_nyse","2013","2","3 months ending 2013-06-30","days","365.26096","2013-06-30","In Millions of USD (except for per share items)","673.40204","0.0","673.40204","279.63882","393.7631","44.489655","0.0","73.0546","0.0","0.0","43.073563","445.27966","228.12239","0.0","0.0","-2.09","190.7226","113.301926","0.47726896","0.0","113.78943","0.0","0.0","0.0","113.78943","0.0","113.78943","113.78943","0.0","0.0","0.0","0.0","156.31195","2.9083505","0.0","0.0","0.0","0.0","0.0","0.0","0.0","0.0","0.0","0.0","0.0","0.0","0.0","0.0","3.1083508",""
"2446","WY_nyse","2013","2","13 weeks ending 2013-06-30","days","358.0","2013-06-30","In Millions of USD (except for per share items)","7883.703","0.0","7883.703","6217.659","1666.044","651.5604","32.087914","19.0","0.0","4.967033","-68.6044","6856.7695","1026.9341","0.0","0.0","0.0","738.10986","601.9231","1.0","0.0","602.9231","0.0","0.0","0.0","602.9231","0.0","600.9231","600.9231","0.0","0.0","0.0","0.0","2203.7544","1.0917583","0.0","0.69164836","0.0","0.0","0.0","0.0","0.0","0.0","0.0","0.0","0.0","0.0","0.0","0.0","1.2516483",""
"2455","WGL_nyse","2013","2","3 months ending 2013-06-30","days","365.26096","2013-06-30","In Millions of USD (except for per share items)","1171.2424","1299.0364","2470.2786","1620.6702","0.0","0.0","0.0","100.1387","0.0","0.0","146.14894","2217.0042","253.28442","0.0","0.0","2.215222","220.96935","140.23154","0.0","0.0","140.23154","0.0","0.0","0.0","140.23154","0.0","138.91147","138.91147","0.0","0.0","0.0","0.0","206.88326","2.686466","0.0","1.6498307","0.0","0.0","0.0","0.0","0.0","0.0","0.0","0.0","0.0","0.0","0.0","0.0","2.686466",""
"2464","WHR_nyse","2013","2","3 months ending 2013-06-30","days","365.26096","2013-06-30","In Millions of USD (except for per share items)","18279.475","0.0","18279.475","15224.865","3054.6091","1778.6787","0.0","29.02282","0.0","197.56482","0.0","17230.13","1049.3427","0.0","0.0","0.0","734.0371","667.6981","-24.989792","0.0","642.7084","0.0","0.0","0.0","642.7084","0.0","642.7084","642.7084","0.0","0.0","0.0","0.0","321.67456","7.959675","0.0","2.1187484","0.0","0.0","0.0","0.0","0.0","0.0","0.0","0.0","0.0","0.0","0.0","0.0","9.497188",""
"2473","WTM_nyse","2013","2","3 months ending 2013-06-30","days","365.26096","2013-06-30","In Millions of USD (except for per share items)","0.0","99.09183","2383.623","0.0","0.0","177.77208","0.0","0.0","0.0","0.0","1.2","2142.6523","240.97089","0.0","0.0","0.0","240.97089","252.5684","55.05234","29.491089","337.11185","0.0","0.0","0.0","232.81651","0.0","332.29413","227.9988","0.0","0.0","0.0","0.0","25.287664","52.124313","0.0","0.989071","0.0","0.0","0.0","0.0","0.0","0.0","0.0","0.0","0.0","0.0","0.0","0.0","52.124313",""
"2482","WSR_nyse","2013","2","3 months ending 2013-06-30","days","364.92038","2013-06-30","In Millions of USD (except for per share items)","53.07769","0.0","53.07769","0.0","0.0","16.180613","0.0","11.694981","0.0","0.0","14.432427","51.677063","1.4006275","0.0","-0.09339515","0.0","1.307232","1.0339813","-0.029599942","0.0","1.0043814","0.0","0.0","0.0","1.0043814","0.0","0.9712058","0.9712058","0.0","0.0","0.0","0.0","53.96835","0.08620678","0.0","1.1223836","0.0","0.0","0.0","0.0","0.0","0.0","0.0","0.0","0.0","0.0","0.0","0.0","0.08620678",""
"2491","WWAV_nyse","2013","2","3 months ending 2013-06-30","days","365.26096","2013-06-30","In Millions of USD (except for per share items)","2404.6343","1.8198907","2406.4446","1547.6857","856.9588","700.559","0.0","0.0","0.0","0.0","-14.955824","2233.2993","173.1556","0.0","0.0","8.016108","164.49323","110.00442","-1.28","0.0","108.72442","0.0","0.0","0.0","111.18441","0.0","108.72442","111.18441","0.0","0.0","0.0","0.0","650.3139","0.6804587","0.0","0.0","0.0","0.0","0.0","0.0","0.0","0.0","0.0","0.0","0.0","0.0","0.0","0.0","0.6804587",""
"2500","WLL_nyse","2013","2","3 months ending 2013-06-30","days","365.26096","2013-06-30","In Millions of USD (except for per share items)","2340.9673","41.25603","2382.2134","396.91284","1944.0646","298.1531","78.82501","791.9364","0.0","112.97819","25.974134","1774.0435","608.1697","0.0","0.0","0.0","608.1697","385.38934","0.06011169","0.0","385.45932","0.0","0.0","0.0","385.45932","0.0","384.41888","384.41888","0.0","0.0","0.0","1.0800325","476.08078","3.2450569","0.0","0.0","0.0","0.0","0.0","0.0","0.0","0.0","0.0","0.0","0.0","0.0","0.0","0.0","3.7946281",""
"2509","WHX_nyse","2013","2","3 months ending 2013-06-30","days","365.26096","2013-06-30","In Millions of USD (except for per share items)","32.174515","0.0","32.174515","0.20989671","31.964619","0.97090316","0.0","0.0","0.0","0.0","0.0","1.1807998","30.993715","0.0","0.0","0.0","30.993715","30.993715","0.0","0.0","30.993715","0.0","0.0","0.0","30.993715","0.0","30.993715","30.993715","0.0","0.0","0.0","0.0","55.441666","2.233908","0.0","2.233908","0.0","0.0","0.0","0.0","0.0","0.0","0.0","0.0","0.0","0.0","0.0","0.0","2.233908",""
"2518","WHZ_nyse","2013","2","3 months ending 2013-06-30","days","365.26096","2013-06-30","In Millions of USD (except for per share items)","55.161007","0.0","55.161007","0.0","0.0","0.9402474","0.0","0.0","0.0","0.0","0.057255752","1.0173938","54.163837","0.0","0.0","0.0","54.163837","54.163837","0.0","0.0","54.163837","0.0","0.0","0.0","54.163837","0.0","54.163837","54.163837","0.0","0.0","0.0","0.0","73.60221","2.9355712","0.0","2.9355712","0.0","0.0","0.0","0.0","0.0","0.0","0.0","0.0","0.0","0.0","0.0","0.0","2.9355712",""
"2525","WG_nyse","2013","2","3 months ending 2013-06-30","days","364.92038","2013-06-30","In Millions of USD (except for per share items)","2023.4336","0.0","2023.4336","1764.6768","258.76657","158.52539","0.0","14.748398","0.0","9.224014","57.832188","2005.0105","18.433296","0.0","0.0","-0.2809505","-11.5218525","-18.45499","-0.34905112","0.0","-18.807438","0.0","0.0","0.0","-21.739725","0.0","-18.807438","-21.739725","0.0","0.0","0.0","0.0","160.26544","-0.38960293","0.0","0.0","0.0","0.0","0.0","0.0","0.0","0.0","0.0","0.0","0.0","0.0","0.0","0.0","-0.28949365",""
"2534","WMB_nyse","2013","2","3 months ending 2013-06-30","days","365.26096","2013-06-30","In Millions of USD (except for per share items)","7190.259","7.1538463","7197.4126","3467.5571","3722.7014","1083.2462","0.0","1159.541","0.0","0.0","-41.64859","5668.6953","1528.7168","0.0","0.0","-1.0","1188.2136","834.68524","-219.75441","0.0","614.9308","0.0","0.0","0.0","607.09515","0.0","614.9308","607.09515","0.0","0.0","0.0","0.0","2647.4836","0.94024736","0.0","1.3292722","0.0","0.0","0.0","0.0","0.0","0.0","0.0","0.0","0.0","0.0","0.0","0.0","0.9709067",""
"2543","WPZ_nyse","2013","2","3 months ending 2013-06-30","days","365.26096","2013-06-30","In Millions of USD (except for per share items)","7530.495","0.0","7530.495","2843.3604","4687.135","2519.3433","0.0","590.8033","0.0","26.0","3.2196605","5982.726","1547.7684","0.0","0.0","-3.8573225","1267.8918","1267.8918","-0.989071","0.0","1266.9027","0.0","0.0","0.0","1266.9027","0.0","625.2947","625.2947","0.0","0.0","0.0","0.0","1547.3971","1.6094992","0.0","2.5191138","0.0","0.0","0.0","0.0","0.0","0.0","0.0","0.0","0.0","0.0","0.0","0.0","1.7101585",""
"2552","WSM_nyse","2013","-1","13 weeks ending 2013-08-04","days","366.0","2013-08-04","In Millions of USD (except for per share items)","4169.0913","0.0","4169.0913","2537.471","1631.6202","1204.3673","0.0","0.0","0.0","0.0","0.0","3741.8384","427.25284","0.0","0.0","0.0","427.98352","268.3332","0.0","0.0","268.3332","0.0","0.0","0.0","268.3332","0.0","268.3332","268.3332","0.0","0.0","0.0","0.34","394.3924","2.6730769","0.0","1.0479121","0.0","0.0","0.0","0.0","0.0","0.0","0.0","0.0","0.0","0.0","0.0","0.0","2.6730769",""
"2561","WSH_nyse","2013","2","3 months ending 2013-06-30","days","365.26096","2013-06-30","In Millions of USD (except for per share items)","3557.3694","3.9891913","3561.3584","0.0","0.0","2565.044","0.0","144.94955","0.0","495.02197","606.8099","3811.8254","-250.467","0.0","0.0","0.0","-376.48175","-449.86002","-9.934426","2.8248966","-456.96954","0.0","0.0","0.0","-457.96954","0.0","-456.96954","-457.96954","0.0","0.0","0.0","0.0","701.97723","-2.6867034","0.0","1.0998139","0.0","0.0","0.0","0.0","0.0","0.0","0.0","0.0","0.0","0.0","0.0","0.0","-0.8067033",""
"2570","WGO_nyse","2013","2","13 weeks ending 2013-06-01","days","366.0","2013-06-01","In Millions of USD (except for per share items)","742.5197","0.0","742.5197","668.01324","74.516045","39.188133","0.0","0.0","0.0","0.077252746","0.0","707.27856","35.25066","0.0","0.0","0.0","36.009014","60.002197","0.0","0.0","60.002197","0.0","0.0","0.0","60.002197","0.0","60.002197","60.002197","0.0","0.0","0.0","0.0","112.021645","2.0825274","0.0","0.0","0.0","0.0","0.0","0.0","0.0","0.0","0.0","0.0","0.0","0.0","0.0","0.0","2.0825274",""
"2579","FUR_nyse","2013","2","3 months ending 2013-06-30","days","365.26096","2013-06-30","In Millions of USD (except for per share items)","56.554222","19.436512","75.980736","22.474249","34.079754","13.246882","0.0","19.468832","0.0","2.9885826","0.0","50.334793","25.64572","0.0","0.0","0.0","25.64572","25.64572","0.26371235","0.0","25.909761","0.0","0.0","0.0","35.23034","0.0","14.630738","23.951315","0.0","0.0","0.0","0.0","132.23474","0.44605657","0.0","0.64001924","0.0","0.0","0.0","0.0","0.0","0.0","0.0","0.0","0.0","0.0","0.0","0.0","0.5360565",""
"2588","WIT_nyse","2013","2","3 months ending 2013-06-30","days","365.25","2013-06-30","In Millions of INR (except for per share items)","380657.2","0.0","380657.2","264139.4","116517.8","47326.42","0.0","0.0","0.0","0.0","0.0","310435.16","70222.05","0.0","0.0","0.0","80583.11","63241.445","-313.80328","0.0","62927.64","0.0","0.0","0.0","66787.266","0.0","62927.64","66787.266","0.0","0.0","0.0","0.0","8243.296","22.816065","0.0","6.21071","0.0","0.0","0.0","0.0","0.0","0.0","0.0","0.0","0.0","0.0","0.0","0.0","22.816065",""
"2597","WEC_nyse","2013","2","3 months ending 2013-06-30","days","365.26096","2013-06-30","In Millions of USD (except for per share items)","4395.842","0.0","4395.842","615.6088","0.0","0.0","0.0","378.41705","0.0","0.0","119.82442","3363.1912","1032.6505","0.0","0.0","20.486326","864.90607","550.7002","0.0","0.0","550.7002","0.0","0.0","0.0","550.7002","0.0","550.7002","550.7002","0.0","0.0","0.0","0.0","926.57275","2.380736","0.0","1.2791618","0.0","0.0","0.0","0.0","0.0","0.0","0.0","0.0","0.0","0.0","0.0","0.0","2.380736",""
"2606","WMS_nyse","2013","2","3 months ending 2013-06-30","days","365.26096","2013-06-30","In Millions of USD (except for per share items)","696.6361","0.0","696.6361","247.37509","449.26096","168.99594","114.44866","121.11374","0.0","0.0","0.0","651.9334","44.702606","0.0","0.0","0.0","48.746525","34.574886","0.0","0.0","34.574886","0.0","0.0","0.0","34.574886","0.0","34.574886","34.574886","0.0","0.0","0.0","-0.2670492","219.59673","0.62958324","0.0","0.0","0.0","0.0","0.0","0.0","0.0","0.0","0.0","0.0","0.0","0.0","0.0","0.0","0.62958324",""
"2615","WNS_nyse","2013","2","3 months ending 2013-06-30","days","365.26096","2013-06-30","In Millions of USD (except for per share items)","474.3981","0.0","474.3981","321.81348","152.58464","89.98346","0.0","25.942202","0.0","0.0","0.0","441.36","33.03792","0.0","0.0","3.45884","35.566288","25.29134","0.0","0.0","25.29134","0.0","0.0","0.0","25.29134","0.0","25.29134","25.29134","0.0","0.0","0.0","0.0","206.76424","0.48858884","0.0","0.0","0.0","0.0","0.0","0.0","0.0","0.0","0.0","0.0","0.0","0.0","0.0","0.0","0.48858884",""
"2624","WWW_nyse","2013","2","12 weeks ending 2013-06-15","days","366.0","2013-06-15","In Millions of USD (except for per share items)","2247.4165","0.0","2247.4165","1358.6375","888.7791","690.5148","0.0","0.0","0.0","60.47548","0.0","2109.6377","137.77858","0.0","0.0","0.30761907","99.39953","77.95023","-0.4609524","0.0","77.48928","0.0","0.0","0.0","77.48928","0.0","75.83643","75.83643","0.0","0.0","0.0","0.02047619","197.41737","1.5457143","0.0","0.48285714","0.0","0.0","0.0","0.0","0.0","0.0","0.0","0.0","0.0","0.0","0.0","0.0","2.4273808",""
"2633","WF_nyse","2013","2","3 months ending 2013-06-30","days","365.26096","2013-06-30","In Millions of KRW (except for per share items)","0.0","0.0","0.0","0.0","0.0","0.0","0.0","0.0","0.0","0.0","0.0","0.0","0.0","0.0","0.0","0.0","1586506.6","1187731.2","-176279.69","0.0","1011451.5","0.0","0.0","0.0","1011451.5","0.0","982052.94","982052.94","0.0","0.0","0.0","0.0","3224.137","1218.4097","0.0","250.0","0.0","0.0","0.0","0.0","0.0","0.0","0.0","0.0","0.0","0.0","0.0","0.0","1218.4097",""
"2642","WDAY_nyse","2013","-1","3 months ending 2013-07-31","days","365.26096","2013-07-31","In Millions of USD (except for per share items)","352.75897","0.0","352.75897","140.44707","212.30171","213.41006","135.54048","0.0","0.0","0.0","0.0","489.4078","-136.63895","0.0","0.0","-0.84452415","-140.866","-141.40382","0.0","0.0","-141.40382","0.0","0.0","0.0","-141.40382","0.0","-141.56734","-141.56734","0.0","0.0","0.0","0.0","562.9601","-1.2802445","0.0","0.0","0.0","0.0","0.0","0.0","0.0","0.0","0.0","0.0","0.0","0.0","0.0","0.0","-1.2802445",""
"2651","INT_nyse","2013","2","3 months ending 2013-06-30","days","365.26096","2013-06-30","In Millions of USD (except for per share items)","40503.113","0.0","40503.113","39788.29","714.8497","453.68094","0.0","0.0","0.0","0.0","0.0","40241.96","261.1687","0.0","0.0","1.1604288","245.06326","201.42183","-7.3100047","0.0","194.12149","0.0","0.0","0.0","194.12149","0.0","194.12149","194.12149","0.0","0.0","0.0","0.0","287.75446","2.710633","0.0","0.16000481","0.0","0.0","0.0","0.0","0.0","0.0","0.0","0.0","0.0","0.0","0.0","0.0","2.710633",""
"2660","WWE_nyse","2013","2","3 months ending 2013-06-30","days","365.26096","2013-06-30","In Millions of USD (except for per share items)","494.85065","0.0","494.85065","301.78284","193.07771","148.06735","0.0","22.593096","0.0","0.0","0.0","472.42303","22.427599","0.0","0.0","-2.1654887","20.585846","12.357856","0.0","0.0","12.357856","0.0","0.0","0.0","12.357856","0.0","12.357856","12.357856","0.0","0.0","0.0","0.0","300.74893","0.1698967","0.0","0.4800144","0.0","0.0","0.0","0.0","0.0","0.0","0.0","0.0","0.0","0.0","0.0","0.0","0.1698967",""
"2669","WOR_nyse","2013","-1","3 months ending 2013-05-31","days","366.2589","2013-05-31","In Millions of USD (except for per share items)","2619.6453","0.0","2619.6453","2222.0845","397.57083","258.8948","0.0","0.0","0.0","9.787231","0.0","2490.1367","129.51888","0.0","0.0","0.31461054","201.8611","137.22742","-0.41693878","0.0","136.80031","0.0","0.0","0.0","136.80031","0.0","136.80031","136.80031","0.0","0.0","0.0","0.0","286.37308","1.9154687","0.0","0.5214364","0.0","0.0","0.0","0.0","0.0","0.0","0.0","0.0","0.0","0.0","0.0","0.0","2.0055804",""
"2678","WPX_nyse","2013","2","3 months ending 2013-06-30","days","365.26096","2013-06-30","In Millions of USD (except for per share items)","2949.076","0.0","2949.076","1507.3859","1441.69","176.8769","56.3633","948.33514","0.0","252.69398","313.89948","3255.555","-306.47894","0.0","0.0","0.0","-377.43716","-257.39008","-11.989431","0.0","-269.37952","0.0","0.0","0.0","-268.33554","0.0","-269.37952","-268.33554","0.0","0.0","0.0","0.0","801.8639","-1.3518975","0.0","0.0","0.0","0.0","0.0","0.0","0.0","0.0","0.0","0.0","0.0","0.0","0.0","0.0","-0.5228812",""
"2687","WH_nyse","2012","4","3 months ending 2012-12-31","days","365.25","2012-12-31","In Millions of USD (except for per share items)","561.3","0.0","561.3","536.83","24.480001","95.340004","0.0","0.0","0.0","-2.52","-6.19","623.46","-62.170002","0.0","0.0","0.06","-96.03999","-89.909996","5.69","0.050000004","-84.19","0.0","0.0","0.0","-84.19","0.0","-84.19","-84.19","0.0","0.0","0.0","0.0","817.52","-0.40999997","0.0","0.0","0.0","0.0","0.0","0.0","0.0","0.0","0.0","0.0","0.0","0.0","0.0","0.0","-0.42",""
"2696","WX_nyse","2013","2","3 months ending 2013-06-30","days","365.26096","2013-06-30","In Millions of USD (except for per share items)","525.46893","0.0","525.46893","331.50983","193.94914","91.38275","8.897203","0.0","0.0","3.42","0.0","431.82968","93.639305","0.0","0.0","16.606","115.10454","96.33671","0.0","0.0","96.33671","0.0","0.0","0.0","96.33671","0.0","96.33671","96.33671","0.0","0.0","0.0","0.0","1803.1027","0.45989552","0.0","0.0","0.0","0.0","0.0","0.0","0.0","0.0","0.0","0.0","0.0","0.0","0.0","0.0","0.4998955",""
"2705","WYN_nyse","2013","2","3 months ending 2013-06-30","days","365.26096","2013-06-30","In Millions of USD (except for per share items)","4489.1016","257.62375","4746.726","2154.6494","2334.4526","1419.4485","0.0","199.83054","0.0","132.85294","0.0","3991.839","754.8868","0.0","0.0","2.9672132","632.8723","401.74588","0.0","0.0","401.74588","0.0","0.0","0.0","401.74588","0.0","401.74588","401.74588","0.0","0.0","0.0","0.0","559.17035","2.8612797","0.0","1.0387162","0.0","0.0","0.0","0.0","0.0","0.0","0.0","0.0","0.0","0.0","0.0","0.0","3.842976",""
"2714","XEL_nyse","2013","2","3 months ending 2013-06-30","days","365.26096","2013-06-30","In Millions of USD (except for per share items)","10638.517","0.0","10638.517","1027.6996","0.0","262.83432","0.0","963.2498","0.0","0.0","419.0069","8738.358","1900.159","0.0","0.0","-4.0877004","1468.1261","975.8432","0.0","0.0","975.8432","0.0","0.0","0.0","975.7227","0.0","975.8432","975.7227","0.0","0.0","0.0","0.0","1966.224","1.9881847","0.0","1.0899231","0.0","0.0","0.0","0.0","0.0","0.0","0.0","0.0","0.0","0.0","0.0","0.0","1.9575254",""
"2723","XRM_nyse","2013","2","3 months ending 2013-06-30","days","365.26096","2013-06-30","In Millions of USD (except for per share items)","546.04047","0.0","546.04047","342.8314","203.20906","135.6476","11.101963","0.0","0.0","28.935019","0.0","518.50574","27.524815","0.0","0.0","0.0","-14.838514","-14.195249","0.0","0.0","-14.195249","0.0","0.0","0.0","-14.195249","0.0","-14.195249","-14.195249","0.0","0.0","0.0","0.0","61.229534","-0.9342911","0.0","0.0","0.0","0.0","0.0","0.0","0.0","0.0","0.0","0.0","0.0","0.0","0.0","0.0","0.29726896",""
"2732","XRX_nyse","2013","2","3 months ending 2013-06-30","days","365.26096","2013-06-30","In Millions of USD (except for per share items)","21953.297","0.0","21953.297","15121.264","6832.032","4250.3125","624.227","329.98798","0.0","91.625114","11.89059","20637.236","1316.0599","0.0","0.0","0.0","1316.0599","1063.965","-24.02258","163.84015","1203.7825","0.0","0.0","0.0","1184.001","0.0","1179.7817","1160.0004","0.0","0.0","0.0","12.923497","5156.4414","0.929588","0.0","0.19956763","0.0","0.0","0.0","0.0","0.0","0.0","0.0","0.0","0.0","0.0","0.0","0.0","0.9902462",""
"2741","XIN_nyse","2013","2","3 months ending 2013-06-30","days","365.26096","2013-06-30","In Millions of USD (except for per share items)","858.00745","0.0","858.00745","579.0805","278.94708","56.141075","0.0","0.0","0.0","0.0","0.0","635.21136","222.79614","0.0","0.0","0.0","228.30194","131.45078","0.0","0.0","131.45078","0.0","0.0","0.0","131.45078","0.0","131.45078","131.45078","0.0","0.0","0.0","0.0","362.01855","1.5948899","0.0","0.17978622","0.0","0.0","0.0","0.0","0.0","0.0","0.0","0.0","0.0","0.0","0.0","0.0","1.5948899",""
"2750","XL_nyse","2013","2","3 months ending 2013-06-30","days","365.26096","2013-06-30","In Millions of USD (except for per share items)","0.0","163.71693","7480.894","0.0","0.0","0.0","0.0","0.0","0.0","0.0","1151.7345","6554.4956","926.37897","0.0","0.0","0.0","926.37897","872.13995","-78.52234","80.19658","873.8039","0.0","0.0","0.0","873.8039","0.0","873.8039","873.8039","0.0","0.0","0.0","0.0","1206.3242","2.9193566","0.0","0.4993575","0.0","0.0","0.0","0.0","0.0","0.0","0.0","0.0","0.0","0.0","0.0","0.0","2.9193566",""
"2759","XOXO_nyse","2013","2","3 months ending 2013-06-30","days","365.26096","2013-06-30","In Millions of USD (except for per share items)","131.13228","0.0","131.13228","22.678944","108.47344","60.067818","25.618464","4.24453","0.0","0.9810989","0.0","113.55086","17.59165","0.0","0.0","0.0","17.573952","10.922323","0.0","0.0","10.922323","0.0","0.0","0.0","10.922323","0.0","10.922323","10.922323","0.0","0.0","0.0","0.0","100.52986","0.43924454","0.0","0.0","0.0","0.0","0.0","0.0","0.0","0.0","0.0","0.0","0.0","0.0","0.0","0.0","0.46990392",""
"2768","XPO_nyse","2013","2","3 months ending 2013-06-30","days","365.26096","2013-06-30","In Millions of USD (except for per share items)","429.39603","0.0","429.39603","368.3769","61.008945","101.586426","0.0","5.0992064","0.0","0.0","0.0","475.08255","-45.68647","0.0","0.0","-0.41615745","-55.395744","-44.0906","0.0","0.0","-44.0906","0.0","0.0","0.0","-44.0906","0.0","-47.08069","-47.08069","0.0","0.0","0.0","0.0","71.56239","-2.6246166","0.0","0.0","0.0","0.0","0.0","0.0","0.0","0.0","0.0","0.0","0.0","0.0","0.0","0.0","-2.6246166",""
"2777","XUE_nyse","2013","2","3 months ending 2013-06-30","days","365.26096","2013-06-30","In Millions of USD (except for per share items)","327.02795","0.0","327.02795","236.69473","90.32335","83.89987","0.0","0.0","0.0","0.0","-0.14","320.4546","6.5634813","0.0","0.0","0.0","13.570838","7.2581964","-0.026606034","0.0","7.2315927","0.0","0.0","0.0","7.2315927","0.0","7.2315927","7.2315927","0.0","0.0","0.0","0.0","393.70654","0.12628055","0.0","0.0","0.0","0.0","0.0","0.0","0.0","0.0","0.0","0.0","0.0","0.0","0.0","0.0","0.12628055",""
"2786","XYL_nyse","2013","2","3 months ending 2013-06-30","days","365.26096","2013-06-30","In Millions of USD (except for per share items)","3739.363","0.0","3739.363","2277.8481","1461.5149","950.7435","106.93731","0.0","0.0","54.88074","0.0","3390.41","348.95325","0.0","0.0","4.0768633","298.0175","232.63159","0.0","0.0","232.63159","0.0","0.0","0.0","232.63159","0.0","232.63159","232.63159","0.0","0.0","0.0","0.0","745.25415","1.2534348","0.0","0.43957484","0.0","0.0","0.0","0.0","0.0","0.0","0.0","0.0","0.0","0.0","0.0","0.0","1.5030025",""
"2795","AUY_nyse","2013","2","3 months ending 2013-06-30","days","365.26096","2013-06-30","In Millions of USD (except for per share items)","2209.5461","0.0","2209.5461","887.29297","1322.2732","150.85306","45.37627","391.79782","0.0","67.68","-0.91762483","1504.7179","704.8383","0.0","0.0","-12.261653","672.6493","323.61853","0.0","0.0","323.61853","0.0","0.0","0.0","323.61853","0.0","323.61853","323.61853","0.0","0.0","0.0","0.0","3025.175","0.43033746","0.0","0.2800084","0.0","0.0","0.0","0.0","0.0","0.0","0.0","0.0","0.0","0.0","0.0","0.0","0.49033746",""
"2804","YZC_nyse","2013","2","6 months ending 2013-06-30","days","365.25","2013-06-30","In Millions of CNY (except for per share items)","55150.97","0.0","55150.97","45042.91","10108.065","13063.674","0.0","12.956831","0.0","0.0","-152.0131","58465.504","-3314.5334","0.0","0.0","0.0","-3314.5334","-2099.6707","1023.00275","0.0","-1076.668","0.0","0.0","0.0","-1076.668","0.0","-1076.668","-1076.668","0.0","0.0","0.0","0.0","9836.8","-0.21322404","0.0","0.36393443","0.0","0.0","0.0","0.0","0.0","0.0","0.0","0.0","0.0","0.0","0.0","0.0","-0.21322404",""
"2813","YELP_nyse","2013","2","3 months ending 2013-06-30","days","365.26096","2013-06-30","In Millions of USD (except for per share items)","178.37389","0.0","178.37389","12.834507","165.54926","141.16006","25.350143","9.3031645","0.0","1.9325683","0.0","190.58057","-12.196792","0.0","0.0","-0.27945477","-12.694282","-12.9921","0.0","0.0","-12.9921","0.0","0.0","0.0","-12.9921","0.0","-12.9921","-12.9921","0.0","0.0","0.0","0.0","252.7043","-0.19967574","0.0","0.0","0.0","0.0","0.0","0.0","0.0","0.0","0.0","0.0","0.0","0.0","0.0","0.0","-0.17978503",""
"2822","YGE_nyse","2013","2","3 months ending 2013-06-30","days","365.26096","2013-06-30","In Millions of CNY (except for per share items)","11180.442","0.0","11180.442","11444.387","-263.9453","1854.4492","212.44786","0.0","0.0","200.5","0.0","13711.794","-2531.3423","0.0","0.0","51.47002","-3374.7913","-3286.1968","134.42738","0.0","-3151.759","0.0","0.0","0.0","-3151.759","0.0","-3151.759","-3151.759","0.0","0.0","0.0","0.0","626.4086","-20.12959","0.0","0.0","0.0","0.0","0.0","0.0","0.0","0.0","0.0","0.0","0.0","0.0","0.0","0.0","-19.29959",""
"2831","YOKU_nyse","2013","2","3 months ending 2013-06-30","days","365.26096","2013-06-30","In Millions of CNY (except for per share items)","2404.643","0.0","2404.643","1958.0214","446.62204","883.5898","212.086","9.976653","0.0","3.6995604","-63.46","3003.8933","-599.2601","0.0","0.0","20.404655","-545.4052","-540.8714","0.0","0.0","-540.8714","0.0","0.0","0.0","-540.8714","0.0","-540.8714","-540.8714","0.0","0.0","0.0","0.0","11322.032","-0.19956763","0.0","0.0","0.0","0.0","0.0","0.0","0.0","0.0","0.0","0.0","0.0","0.0","0.0","0.0","-0.19956763",""
"2840","YPF_nyse","2013","2","3 months ending 2013-06-30","days","365.26096","2013-06-30","In Millions of ARS (except for per share items)","76753.5","0.0","76753.5","58217.516","18535.979","8668.301","408.47086","483.31256","0.0","0.0","1551.3748","69204.65","7548.8496","0.0","0.0","0.0","8746.51","3556.1182","8.901639","0.0","3565.0198","0.0","0.0","0.0","3565.0198","0.0","3565.0198","3565.0198","0.0","0.0","0.0","0.0","1573.1388","9.062362","0.0","0.78692305","0.0","0.0","0.0","0.0","0.0","0.0","0.0","0.0","0.0","0.0","0.0","0.0","9.062362",""
"2849","YUM_nyse","2013","2","12 weeks ending 2013-06-15","days","352.0","2013-06-15","In Millions of USD (except for per share items)","13230.627","0.0","13230.627","9735.979","3494.6484","1505.6044","0.0","0.0","0.0","-40.197803","-6.0","11167.23","2063.3955","0.0","0.0","0.0","1925.5604","1433.3187","-0.04395604","0.0","1433.2747","0.0","0.0","0.0","1433.2747","0.0","1433.2747","1433.2747","0.0","0.0","0.0","0.0","1876.4835","3.065165","0.0","1.3561538","0.0","0.0","0.0","0.0","0.0","0.0","0.0","0.0","0.0","0.0","0.0","0.0","3.1247253",""
"2858","ZFC_nyse","2013","2","3 months ending 2013-06-30","days","364.751","2013-06-30","In Millions of USD (except for per share items)","13.783061","0.0","13.783061","2.377978","11.385192","4.7331147","0.0","0.0","0.0","0.0","1.9387978","10.863716","2.899562","0.0","0.0","0.0","2.899562","2.899562","0.124644816","0.0","3.0142078","0.0","0.0","0.0","3.0142078","0.0","2.5492344","2.5492344","0.0","0.0","0.0","0.2967213","17.849836","2.2436614","0.0","0.0","0.0","0.0","0.0","0.0","0.0","0.0","0.0","0.0","0.0","0.0","0.0","0.0","2.2436614",""
"2865","ZLC_nyse","2013","-1","3 months ending 2013-07-31","days","365.26096","2013-07-31","In Millions of USD (except for per share items)","1886.4797","0.0","1886.4797","902.8429","983.6368","916.1003","0.0","33.796803","0.0","-0.779994","0.0","1851.9401","34.539642","0.0","0.0","0.0","11.364239","9.4207","0.0","0.0","9.4207","0.0","0.0","0.0","9.4207","0.0","9.4207","9.4207","0.0","0.0","0.0","0.0","144.31529","0.0019708015","0.0","0.0","0.0","0.0","0.0","0.0","0.0","0.0","0.0","0.0","0.0","0.0","0.0","0.0","-0.00868859",""
"2874","ZEP_nyse","2013","-1","3 months ending 2013-05-31","days","366.25708","2013-05-31","In Millions of USD (except for per share items)","681.01154","0.0","681.01154","362.72754","318.27405","277.7053","0.0","0.0","0.0","2.1219075","0.0","642.565","38.446827","0.0","0.0","-0.54036695","29.971834","19.904087","0.0","0.0","19.904087","0.0","0.0","0.0","19.904087","0.0","19.873684","19.873684","0.0","0.0","0.0","0.0","67.483826","0.895209","0.0","0.16044118","0.0","0.0","0.0","0.0","0.0","0.0","0.0","0.0","0.0","0.0","0.0","0.0","0.9442576",""
"2883","ZMH_nyse","2013","2","3 months ending 2013-06-30","days","365.26096","2013-06-30","In Millions of USD (except for per share items)","4511.71","0.0","4511.71","1169.9819","3341.728","1808.7091","217.19113","0.0","0.0","295.9186","61.48634","3553.287","958.42285","0.0","0.0","0.0","901.0201","699.5651","1.8978622","0.0","701.463","0.0","0.0","0.0","701.463","0.0","701.463","701.463","0.0","0.0","0.0","0.0","692.82153","4.058702","0.0","0.7595844","0.0","0.0","0.0","0.0","0.0","0.0","0.0","0.0","0.0","0.0","0.0","0.0","5.4068627",""
"2892","ZTS_nyse","2013","2","3 months ending 2013-06-30","days","365.26096","2013-06-30","In Millions of USD (except for per share items)","4397.308","0.0","4397.308","1593.9717","2803.3367","1436.0946","399.0221","62.02378","0.0","182.28038","-11.187114","3730.769","666.53925","0.0","0.0","0.0","666.53925","419.6095","1.021978","0.0","420.63147","0.0","0.0","0.0","420.63147","0.0","420.63147","420.63147","0.0","0.0","0.0","0.0","2000.3865","0.8411313","0.0","0.13846995","0.0","0.0","0.0","0.0","0.0","0.0","0.0","0.0","0.0","0.0","0.0","0.0","1.1003698",""
"2901","ZA_nyse","2013","1","3 months ending 2013-03-31","days","365.25003","2013-03-31","In Millions of CNY (except for per share items)","1443.7284","0.0","1443.7284","771.1883","672.53","266.7555","0.0","0.0","0.0","0.0","-6.630659","1038.147","405.5913","0.0","0.0","0.0","405.5913","301.7165","0.0","0.0","301.7165","0.0","0.0","0.0","301.7165","0.0","301.7165","301.7165","0.0","0.0","0.0","0.0","445.12","2.7093408","0.0","0.0","0.0","0.0","0.0","0.0","0.0","0.0","0.0","0.0","0.0","0.0","0.0","0.0","2.8093407",""
